{
  "key": -1,
  "items": [
    {
      "ProductName": "A TO Z Gold (New)",
      "Brand": "Alkem Laboratories Ltd.(m)",
      "DosageForm": "capsule",
      "PrescriptionOTC": "M",
      "InteractiveModule": null,
      "InteractiveSubModule": "",
      "DeliveryDelayedDay": 0,
      "ProductId": "2568",
      "DisplayName": "A TO Z Gold (New) 15 Capsules",
      "ProductAliasName": "A TO Z Gold (New) 15 Capsules",
      "ProductImage": "A-TO-Z-Gold-New-1631010709-10002593-1.jpg",
      "IsNew": 1,
      "HasOffer": "Y",
      "IsGiftableProduct": 0,
      "IsCustomizable": 0,
      "IsFeatured": 0,
      "DosageRestriction": 0,
      "DosageAlert": 0,
      "Active": 1,
      "ProductStatus": "C",
      "IsRedeemable": 0,
      "DosageFormDisplaySeq": null,
      "DocumentId": "2568",
      "GroupSize": 1,
      "AvgRating": 0,
      "NumRating": 130,
      "OrderCount": 144607,
      "NumCustomer": 47473,
      "DisplayRank": 99,
      "UnitPrice": 0,
      "Keywords": "vitamin-&-mineral-deficiency atozotc products household supplies",
      "Strength": "15 Capsules",
      "ProductShortDescription": "",
      "Salts": {
        "NameSearch": "antioxidants + multivitamin + multimineral",
        "SaltStrengthRaw": "Alpha Lipoic Acid 30mg + Betacarotene 2.4mg + Chromium 30mcg + Docosahexaenoic Acid 60mg + Eicosapentaenoic Acid 90mg + Folic Acid 60mcg + Selenium 30mcg + Vitamin B1 0.8mg + Vitamin B12 0.6mcg + Vitamin B6 1.5mg + Vitamin C 25mg + Vitamin E Acetate 8mg + Zinc 9mg",
        "SaltStrength": "ALPHALIPOICACID30MGBETACAROTENE2.4MGCHROMIUM30MCGDOCOSAHEXAENOICACID60MGEICOSAPENTAENOICACID90MGFOLICACID60MCGSELENIUM30MCGVITAMINB10.8MGVITAMINB120.6MCGVITAMINB61.5MGVITAMINC25MGVITAMINEACETATE8MGZINC9MG",
        "Id": "4284",
        "Code": "SN03481",
        "Name": "Antioxidants + Multivitamin + Multimineral"
      },
      "MfgGroup": "Alkem Laboratories Ltd.(M)",
      "EncodeProdId": "ujsh3t",
      "CustDiscPercent": 14,
      "CustOfferPrice": 153.27,
      "PTR": 0,
      "PTRDiscPercent": 0,
      "SchemeFreeBaseQty": 0,
      "OfferCategoryId": 8,
      "OfferCategory": "Best Prices On Top Sellers",
      "OfferTitle": "Best Sellers",
      "OfferImage": "",
      "ApplyPincodeWiseDiscount": false,
      "IsPurchased": 0,
      "DisplayFactor": 1,
      "SKUOrderCount": 144607,
      "MaxSKUOrderCount": 0,
      "PKLotId": "1003085859",
      "SchemeFreeBaseQtyOfferText": "",
      "CustomScoreManipulator": 47229,
      "RecentOrderCount": 30362,
      "RecentProductCount": 60757,
      "RecentCustCount": 16564,
      "RefProductId": null,
      "RouteId": 1,
      "BrandImage": "",
      "PrimaryDisease": "",
      "CustHighDisc": 0,
      "OfferPrice": 153.27,
      "DiscountPercent": 14,
      "MinQty": 1,
      "IsOutOfStock": "N",
      "IsCourierable": 1,
      "MRP": 180,
      "ExpiryDate": "2023-03-31T00:00:00.000Z",
      "LastMRP": 180,
      "score": 1
    },
    {
      "ProductName": "Zincovit",
      "Brand": "Apex Laboratories Private Limited. (t1)",
      "DosageForm": "tablet.",
      "PrescriptionOTC": "M",
      "InteractiveModule": null,
      "InteractiveSubModule": "",
      "DeliveryDelayedDay": 0,
      "ProductId": "2461",
      "DisplayName": "Zincovit 15 Tablets",
      "ProductAliasName": "Zincovit 15 Tablets",
      "ProductImage": "Zincovit-1565687628-10002485-1.jpg",
      "IsNew": 1,
      "HasOffer": "Y",
      "IsGiftableProduct": 0,
      "IsCustomizable": 0,
      "IsFeatured": 0,
      "DosageRestriction": 0,
      "DosageAlert": 0,
      "Active": 1,
      "ProductStatus": "C",
      "IsRedeemable": 0,
      "DosageFormDisplaySeq": null,
      "DocumentId": "2461",
      "GroupSize": 1,
      "AvgRating": 0,
      "NumRating": 157,
      "OrderCount": 132816,
      "NumCustomer": 57646,
      "DisplayRank": 99,
      "UnitPrice": 0,
      "Keywords": "nutritional-&-allied-deficiency zincovit capsule (10 cap)otc products household supplies",
      "Strength": "15 Tablets",
      "ProductShortDescription": "",
      "Salts": {
        "NameSearch": "antioxidants + multivitamin + multimineral",
        "SaltStrengthRaw": "Biotin 150mcg + Chromium 25mcg + Copper 30mcg + Folic Acid 100mcg + Grape Seed Extract 50mg + Iodine 100mcg + Magnesium 3mg + Manganese 250mcg + Selenium 30mcg + Vitamin A 600mcg + Vitamin B1 1.4mg + Vitamin B12 1mcg + Vitamin B2 1.6mg + Vitamin B3 18mg + Vitamin B5 3mg + Vitamin B6 1mg + Vitamin C 40mg + Vitamin D3 5mcg + Vitamin E 10mg + Zinc 10mg",
        "SaltStrength": "BIOTIN150MCGCHROMIUM25MCGCOPPER30MCGFOLICACID100MCGGRAPESEEDEXTRACT50MGIODINE100MCGMAGNESIUM3MGMANGANESE250MCGSELENIUM30MCGVITAMINA600MCGVITAMINB11.4MGVITAMINB121MCGVITAMINB21.6MGVITAMINB318MGVITAMINB53MGVITAMINB61MGVITAMINC40MGVITAMIND35MCGVITAMINE10MGZINC10MG",
        "Id": "4284",
        "Code": "SN03481",
        "Name": "Antioxidants + Multivitamin + Multimineral"
      },
      "MfgGroup": "Apex Laboratories Private Limited. (T1)",
      "EncodeProdId": "xbfwbe",
      "CustDiscPercent": 14,
      "CustOfferPrice": 89.4,
      "PTR": 0,
      "PTRDiscPercent": 0,
      "SchemeFreeBaseQty": 0,
      "OfferCategoryId": 8,
      "OfferCategory": "Best Prices On Top Sellers",
      "OfferTitle": "Best Sellers",
      "OfferImage": "",
      "ApplyPincodeWiseDiscount": false,
      "IsPurchased": 0,
      "DisplayFactor": 1,
      "SKUOrderCount": 132816,
      "MaxSKUOrderCount": 0,
      "PKLotId": "1003062270",
      "SchemeFreeBaseQtyOfferText": "",
      "CustomScoreManipulator": 66694,
      "RecentOrderCount": 52259,
      "RecentProductCount": 109900,
      "RecentCustCount": 34272,
      "RefProductId": "111430",
      "RouteId": 1,
      "BrandImage": "",
      "PrimaryDisease": "",
      "CustHighDisc": 0,
      "OfferPrice": 89.4,
      "DiscountPercent": 14,
      "MinQty": 1,
      "IsOutOfStock": "N",
      "IsCourierable": 1,
      "MRP": 105,
      "ExpiryDate": "2023-03-31T00:00:00.000Z",
      "LastMRP": 105,
      "score": 1
    },
    {
      "ProductName": "Unienzyme",
      "Brand": "Torrent Pharmaceuticals Ltd.(s)",
      "DosageForm": "tablet.",
      "PrescriptionOTC": "M",
      "InteractiveModule": null,
      "InteractiveSubModule": "",
      "DeliveryDelayedDay": 0,
      "ProductId": "9769",
      "DisplayName": "Unienzyme 15 Tablets",
      "ProductAliasName": "Unienzyme 15 Tablets",
      "ProductImage": "Unienzyme-1631682275-10009955-1.jpg",
      "IsNew": 1,
      "HasOffer": "Y",
      "IsGiftableProduct": 0,
      "IsCustomizable": 0,
      "IsFeatured": 0,
      "DosageRestriction": 0,
      "DosageAlert": 0,
      "Active": 1,
      "ProductStatus": "C",
      "IsRedeemable": 0,
      "DosageFormDisplaySeq": null,
      "DocumentId": "9769",
      "GroupSize": 1,
      "AvgRating": 0,
      "NumRating": 82,
      "OrderCount": 111102,
      "NumCustomer": 30355,
      "DisplayRank": 99,
      "UnitPrice": 0,
      "Keywords": "gastro-intestinal-disorderotc products household supplies",
      "Strength": "15 Tablets",
      "ProductShortDescription": "",
      "Salts": {
        "NameSearch": "fungal diastase + papain + activated charcoal",
        "SaltStrengthRaw": "Activated Charcoal 75mg + Fungal Diastase 100mg + Papain 60mg",
        "SaltStrength": "ACTIVATEDCHARCOAL75MGFUNGALDIASTASE100MGPAPAIN60MG",
        "Id": "4920",
        "Code": "SN04091",
        "Name": "Fungal Diastase + Papain + Activated Charcoal"
      },
      "MfgGroup": "Torrent Pharmaceuticals Ltd.(S)",
      "EncodeProdId": "8954ba",
      "CustDiscPercent": 14,
      "CustOfferPrice": 54.96,
      "PTR": 0,
      "PTRDiscPercent": 0,
      "SchemeFreeBaseQty": 0,
      "OfferCategoryId": 8,
      "OfferCategory": "Best Prices On Top Sellers",
      "OfferTitle": "Best Sellers",
      "OfferImage": "",
      "ApplyPincodeWiseDiscount": false,
      "IsPurchased": 0,
      "DisplayFactor": 1,
      "SKUOrderCount": 111102,
      "MaxSKUOrderCount": 0,
      "PKLotId": "1003197760",
      "SchemeFreeBaseQtyOfferText": "",
      "CustomScoreManipulator": 29251,
      "RecentOrderCount": 16005,
      "RecentProductCount": 27523,
      "RecentCustCount": 8156,
      "RefProductId": null,
      "RouteId": 1,
      "BrandImage": "",
      "PrimaryDisease": "",
      "CustHighDisc": 0,
      "OfferPrice": 54.96,
      "DiscountPercent": 14,
      "MinQty": 1,
      "IsOutOfStock": "N",
      "IsCourierable": 1,
      "MRP": 64.25,
      "ExpiryDate": "2022-09-01T00:00:00.000Z",
      "LastMRP": 64.25,
      "score": 1
    },
    {
      "ProductName": "Carmozyme Syrup",
      "Brand": "Mendine Pharmaceuticals Pvt.ltd.",
      "DosageForm": "syrup",
      "PrescriptionOTC": "M",
      "InteractiveModule": null,
      "InteractiveSubModule": "",
      "DeliveryDelayedDay": 0,
      "ProductId": "28498",
      "DisplayName": "Carmozyme Syrup 450 ml",
      "ProductAliasName": "Carmozyme Syrup 450 ml",
      "ProductImage": "Carmozyme-1600060493-10027557-1.jpg",
      "IsNew": 1,
      "HasOffer": "Y",
      "IsGiftableProduct": 0,
      "IsCustomizable": 0,
      "IsFeatured": 0,
      "DosageRestriction": 0,
      "DosageAlert": 0,
      "Active": 1,
      "ProductStatus": "C",
      "IsRedeemable": 0,
      "DosageFormDisplaySeq": null,
      "DocumentId": "28495",
      "GroupSize": 4,
      "AvgRating": 0,
      "NumRating": 124,
      "OrderCount": 131330,
      "NumCustomer": 44868,
      "DisplayRank": 99,
      "UnitPrice": 30.764444444444443,
      "Keywords": "gastro-intestinal-disorderotc products household supplies",
      "Strength": "450 ml",
      "ProductShortDescription": "",
      "Salts": {
        "NameSearch": "fungal diastase + papain + nux vomica tincture + compound cardamom tincture + casein hydrolyzed + alcohol",
        "SaltStrengthRaw": "Each 5ml Contains:<br><br>diastase (fungal 1:800) (derived From Aspergillus Oryzae) 150mg + Papain 2.5mg + Nux Vomica Tincture 0.0125ml + Compound Cardamom Tincture 0.075ml + Casein Hydrolyzed 225mg + Alcohol 5% V/v",
        "SaltStrength": "ALCOHOL5VVCASEINHYDROLYZED225MGCOMPOUNDCARDAMOMTINCTURE0.075MLEACH5MLCONTAINSBRBRDIASTASEFUNGAL1800DERIVEDFROMASPERGILLUSORYZAE150MGNUXVOMICATINCTURE0.0125MLPAPAIN2.5MG",
        "Id": "4339",
        "Code": "SN03535",
        "Name": "Fungal Diastase + Papain + Nux Vomica Tincture + Compound Cardamom Tincture + Casein Hydrolyzed + Alcohol"
      },
      "MfgGroup": "Mendine Pharmaceuticals Pvt.Ltd.",
      "EncodeProdId": "h46k8j",
      "CustDiscPercent": 24,
      "CustOfferPrice": 138.44,
      "PTR": 0,
      "PTRDiscPercent": 0,
      "SchemeFreeBaseQty": 0,
      "OfferCategoryId": 8,
      "OfferCategory": "Best Prices On Top Sellers",
      "OfferTitle": "Best Sellers",
      "OfferImage": "",
      "ApplyPincodeWiseDiscount": false,
      "IsPurchased": 0,
      "DisplayFactor": 1,
      "SKUOrderCount": 107801,
      "MaxSKUOrderCount": 0,
      "PKLotId": "1003259996",
      "SchemeFreeBaseQtyOfferText": "",
      "CustomScoreManipulator": 31281,
      "RecentOrderCount": 21211,
      "RecentProductCount": 24726,
      "RecentCustCount": 11366,
      "RefProductId": null,
      "RouteId": 0,
      "BrandImage": "",
      "PrimaryDisease": "",
      "CustHighDisc": 1,
      "OfferPrice": 138.44,
      "DiscountPercent": 24,
      "MinQty": 1,
      "IsOutOfStock": "N",
      "IsCourierable": 1,
      "MRP": 183,
      "ExpiryDate": "2023-02-28T00:00:00.000Z",
      "LastMRP": 183,
      "score": 1
    },
    {
      "ProductName": "Limcee Chewable (Orange Flavour) 500 mg",
      "Brand": "Abbott Healthcare Pvt. Ltd.",
      "DosageForm": "tablet.",
      "PrescriptionOTC": "M",
      "InteractiveModule": null,
      "InteractiveSubModule": "",
      "DeliveryDelayedDay": 0,
      "ProductId": "234",
      "DisplayName": "Limcee Chewable (Orange Flavour) 500 mg 15 Tablets",
      "ProductAliasName": "Limcee Chewable (Orange Flavour) 500 mg 15 Tablets",
      "ProductImage": "Limcee-1563536453-10000465-1.jpg",
      "IsNew": 1,
      "HasOffer": "N",
      "IsGiftableProduct": 0,
      "IsCustomizable": 0,
      "IsFeatured": 0,
      "DosageRestriction": 0,
      "DosageAlert": 0,
      "Active": 1,
      "ProductStatus": "C",
      "IsRedeemable": 0,
      "DosageFormDisplaySeq": null,
      "DocumentId": "234",
      "GroupSize": 1,
      "AvgRating": 0,
      "NumRating": 134,
      "OrderCount": 48378,
      "NumCustomer": 25737,
      "DisplayRank": 99,
      "UnitPrice": 0,
      "Keywords": "vitamin-c vitamin-&-mineral-deficiency vitaminc limcee + tablet (15 tab)otc products household supplies",
      "Strength": "15 Tablets",
      "ProductShortDescription": "",
      "Salts": {
        "NameSearch": "ascorbic acid (vitamin c)",
        "SaltStrengthRaw": "Ascorbic Acid 100mg + Sodium Ascorbate Eq.to Ascorbic Acid 400mg",
        "SaltStrength": "ASCORBICACID100MGSODIUMASCORBATEEQ.TOASCORBICACID400MG",
        "Id": "4285",
        "Code": "SN03482",
        "Name": "Ascorbic Acid (Vitamin C)"
      },
      "MfgGroup": "Abbott Healthcare Pvt. Ltd.",
      "EncodeProdId": "fdtc4v",
      "CustDiscPercent": 18,
      "CustOfferPrice": 18.9,
      "PTR": 0,
      "PTRDiscPercent": 0,
      "SchemeFreeBaseQty": 0,
      "OfferCategoryId": 0,
      "OfferCategory": "",
      "OfferTitle": "",
      "OfferImage": "",
      "ApplyPincodeWiseDiscount": false,
      "IsPurchased": 0,
      "DisplayFactor": 1,
      "SKUOrderCount": 104260,
      "MaxSKUOrderCount": 0,
      "PKLotId": "1003058488",
      "SchemeFreeBaseQtyOfferText": "",
      "CustomScoreManipulator": 83159,
      "RecentOrderCount": 62860,
      "RecentProductCount": 205454,
      "RecentCustCount": 42000,
      "RefProductId": null,
      "RouteId": 1,
      "BrandImage": null,
      "PrimaryDisease": "",
      "CustHighDisc": 0,
      "OfferPrice": 18.9,
      "DiscountPercent": 18,
      "MinQty": 1,
      "IsOutOfStock": "N",
      "IsCourierable": 1,
      "MRP": 23.05,
      "ExpiryDate": "2022-12-31T00:00:00.000Z",
      "LastMRP": 23.05,
      "score": 1
    },
    {
      "ProductName": "Neurobion Forte",
      "Brand": "Procter & Gamble Health Ltd.",
      "DosageForm": "tablet.",
      "PrescriptionOTC": "P",
      "InteractiveModule": "",
      "InteractiveSubModule": "",
      "DeliveryDelayedDay": 0,
      "ProductId": "87085",
      "DisplayName": "Neurobion Forte Tablet (30 Tab)",
      "ProductAliasName": "Neurobion Forte Tablet (30 Tab)",
      "ProductImage": "Neurobion-Forte-1563534447-10062115-1.jpg",
      "IsNew": 1,
      "HasOffer": "N",
      "IsGiftableProduct": 0,
      "IsCustomizable": 0,
      "IsFeatured": 0,
      "DosageRestriction": 0,
      "DosageAlert": 0,
      "Active": 1,
      "ProductStatus": "C",
      "IsRedeemable": 0,
      "DosageFormDisplaySeq": null,
      "DocumentId": "87085",
      "GroupSize": 1,
      "AvgRating": 0,
      "NumRating": 131,
      "OrderCount": 200042,
      "NumCustomer": 60489,
      "DisplayRank": 99,
      "UnitPrice": 0,
      "Keywords": "vitamin-&-mineral-deficiency neurobion forte tablet (10 tab) medicine",
      "Strength": "Tablet",
      "ProductShortDescription": "",
      "Salts": {
        "NameSearch": "thiamine mononitrate + riboflavin + pyridoxine hydrochloride + cyanocobalamin + nicotinamide + calcium pantothenate",
        "SaltStrengthRaw": "Calcium Pantothenate 50mg + Cyanacobalamin Triturate 15mcg + Cyanocobalamin 15mcg + Nicotinamide 45mg + Pyridoxine Hydrochloride 3mg + Riboflavine 10mg + Thiamine Mononitrate 10mg",
        "SaltStrength": "CALCIUMPANTOTHENATE50MGCYANACOBALAMINTRITURATE15MCGCYANOCOBALAMIN15MCGNICOTINAMIDE45MGPYRIDOXINEHYDROCHLORIDE3MGRIBOFLAVINE10MGTHIAMINEMONONITRATE10MG",
        "Id": "4910",
        "Code": "SN04082",
        "Name": "Thiamine Mononitrate + Riboflavin + Pyridoxine Hydrochloride + Cyanocobalamin + Nicotinamide + Calcium Pantothenate"
      },
      "MfgGroup": "Procter & Gamble Health Ltd.",
      "EncodeProdId": "u6zdtj",
      "CustDiscPercent": 18,
      "CustOfferPrice": 28.45,
      "PTR": 0,
      "PTRDiscPercent": 0,
      "SchemeFreeBaseQty": 0,
      "OfferCategoryId": 0,
      "OfferCategory": "",
      "OfferTitle": "",
      "OfferImage": "",
      "ApplyPincodeWiseDiscount": false,
      "IsPurchased": 0,
      "DisplayFactor": 1,
      "SKUOrderCount": 81419,
      "MaxSKUOrderCount": 0,
      "PKLotId": "1003223797",
      "SchemeFreeBaseQtyOfferText": "",
      "CustomScoreManipulator": 39505,
      "RecentOrderCount": 30632,
      "RecentProductCount": 74140,
      "RecentCustCount": 15570,
      "RefProductId": null,
      "RouteId": 1,
      "BrandImage": "",
      "PrimaryDisease": "",
      "CustHighDisc": 0,
      "OfferPrice": 28.45,
      "DiscountPercent": 18,
      "MinQty": 1,
      "IsOutOfStock": "N",
      "IsCourierable": 1,
      "MRP": 34.7,
      "ExpiryDate": "2023-03-31T00:00:00.000Z",
      "LastMRP": 34.7,
      "score": 1
    },
    {
      "ProductName": "Sugar Free Gold Low Calorie Sweetener",
      "Brand": "Zydus Wellness Products Ltd.(g)",
      "DosageForm": "artificial sweeteners",
      "PrescriptionOTC": "O",
      "InteractiveModule": null,
      "InteractiveSubModule": "",
      "DeliveryDelayedDay": 0,
      "ProductId": "3964",
      "DisplayName": "Sugar Free Gold Low Calorie Sweetener 500 Pellets",
      "ProductAliasName": "Sugar Free Gold Low Calorie Sweetener 500 Pellets",
      "ProductImage": "Sugar-Free-Gold-1596259624-10004476-1.jpg",
      "IsNew": 1,
      "HasOffer": "Y",
      "IsGiftableProduct": 0,
      "IsCustomizable": 0,
      "IsFeatured": 0,
      "DosageRestriction": 3,
      "DosageAlert": 0,
      "Active": 1,
      "ProductStatus": "C",
      "IsRedeemable": 0,
      "DosageFormDisplaySeq": 47,
      "DocumentId": "3962",
      "GroupSize": 8,
      "AvgRating": 4.64,
      "NumRating": 2449,
      "OrderCount": 145374,
      "NumCustomer": 51631,
      "DisplayRank": 0,
      "UnitPrice": 50.678,
      "Keywords": "artificial sweetener sweetening diabetes diabetic sugarfree tablet tab groceryotc products household supplies",
      "Strength": "500 Pellets",
      "ProductShortDescription": "",
      "Salts": {},
      "MfgGroup": "Zydus Wellness Products Ltd.(G)",
      "EncodeProdId": "9fhmbt",
      "CustDiscPercent": 11,
      "CustOfferPrice": 253.39,
      "PTR": 0,
      "PTRDiscPercent": 0,
      "SchemeFreeBaseQty": 0,
      "OfferCategoryId": 9,
      "OfferCategory": "Prices Like Never Before",
      "OfferTitle": "Launch Deals",
      "OfferImage": "",
      "ApplyPincodeWiseDiscount": false,
      "IsPurchased": 0,
      "DisplayFactor": 1,
      "SKUOrderCount": 65937,
      "MaxSKUOrderCount": 0,
      "PKLotId": "1003215932",
      "SchemeFreeBaseQtyOfferText": "",
      "CustomScoreManipulator": 15840,
      "RecentOrderCount": 8112,
      "RecentProductCount": 9291,
      "RecentCustCount": 4902,
      "RefProductId": null,
      "RouteId": 0,
      "BrandImage": "1499230670_sugar-free.jpg",
      "PrimaryDisease": "diabetes type 2",
      "CustHighDisc": 0,
      "OfferPrice": 253.39,
      "DiscountPercent": 11,
      "MinQty": 1,
      "IsOutOfStock": "N",
      "IsCourierable": 1,
      "MRP": 285,
      "ExpiryDate": "2024-12-31T00:00:00.000Z",
      "LastMRP": 285,
      "score": 1
    },
    {
      "ProductName": "Rejunex CD3",
      "Brand": "Intas Pharmaceuticals Ltd.(s)",
      "DosageForm": "tablet.",
      "PrescriptionOTC": "M",
      "InteractiveModule": null,
      "InteractiveSubModule": "",
      "DeliveryDelayedDay": 0,
      "ProductId": "16502",
      "DisplayName": "Rejunex CD3 10 Tablets",
      "ProductAliasName": "Rejunex CD3 10 Tablets",
      "ProductImage": "Rejunex-CD3-1631700736-10015844-1.jpg",
      "IsNew": 1,
      "HasOffer": "Y",
      "IsGiftableProduct": 0,
      "IsCustomizable": 0,
      "IsFeatured": 0,
      "DosageRestriction": 0,
      "DosageAlert": 0,
      "Active": 1,
      "ProductStatus": "C",
      "IsRedeemable": 0,
      "DosageFormDisplaySeq": null,
      "DocumentId": "16502",
      "GroupSize": 1,
      "AvgRating": 0,
      "NumRating": 34,
      "OrderCount": 53659,
      "NumCustomer": 16213,
      "DisplayRank": 99,
      "UnitPrice": 0,
      "Keywords": "nutritional-&-allied-deficiencyotc products household supplies",
      "Strength": "10 Tablets",
      "ProductShortDescription": "",
      "Salts": {
        "NameSearch": "alpha lipoic acid + benfotiamine + calcium carbonate + chromium picolinate + folic acid + inositol + methylcobalamin + pyridoxine + vitamin d3",
        "SaltStrengthRaw": "Alpha Lipoic Acid 200mg + Benfotiamine 150mg + Calcium Carbonate 500mg + Chromium Picolinate 200mcg + Folic Acid 1.5mg + Inositol 100mg + Methylcobalamin 1500 Mcg + Pyroxine Hydrochloride 3mg + Vitamin D3 1000iu",
        "SaltStrength": "ALPHALIPOICACID200MGBENFOTIAMINE150MGCALCIUMCARBONATE500MGCHROMIUMPICOLINATE200MCGFOLICACID1.5MGINOSITOL100MGMETHYLCOBALAMIN1500MCGPYROXINEHYDROCHLORIDE3MGVITAMIND31000IU",
        "Id": "4414",
        "Code": "SN03602",
        "Name": "Alpha Lipoic Acid + Benfotiamine + Calcium Carbonate + Chromium Picolinate + Folic Acid + Inositol + Methylcobalamin + Pyridoxine + Vitamin D3"
      },
      "MfgGroup": "Intas Pharmaceuticals Ltd.(S)",
      "EncodeProdId": "jraxdu",
      "CustDiscPercent": 14,
      "CustOfferPrice": 183.93,
      "PTR": 0,
      "PTRDiscPercent": 0,
      "SchemeFreeBaseQty": 0,
      "OfferCategoryId": 8,
      "OfferCategory": "Best Prices On Top Sellers",
      "OfferTitle": "Best Sellers",
      "OfferImage": "",
      "ApplyPincodeWiseDiscount": false,
      "IsPurchased": 0,
      "DisplayFactor": 1,
      "SKUOrderCount": 53659,
      "MaxSKUOrderCount": 0,
      "PKLotId": "1003216459",
      "SchemeFreeBaseQtyOfferText": "",
      "CustomScoreManipulator": 15634,
      "RecentOrderCount": 9316,
      "RecentProductCount": 19458,
      "RecentCustCount": 4015,
      "RefProductId": null,
      "RouteId": 1,
      "BrandImage": "",
      "PrimaryDisease": "",
      "CustHighDisc": 0,
      "OfferPrice": 183.93,
      "DiscountPercent": 14,
      "MinQty": 1,
      "IsOutOfStock": "N",
      "IsCourierable": 1,
      "MRP": 215,
      "ExpiryDate": "2023-12-01T00:00:00.000Z",
      "LastMRP": 215,
      "score": 1
    },
    {
      "ProductName": "Otrivin Oxy Fast Relief Adult Nasal Spray",
      "Brand": "Glaxo Smithkline Consumer Healthcare Ltd.",
      "DosageForm": "spray",
      "PrescriptionOTC": "M",
      "InteractiveModule": null,
      "InteractiveSubModule": "",
      "DeliveryDelayedDay": 0,
      "ProductId": "28787",
      "DisplayName": "Otrivin Oxy Fast Relief Adult Nasal Spray 10 ml",
      "ProductAliasName": "Otrivin Oxy Fast Relief Adult Nasal Spray 10 ml",
      "ProductImage": "Otrivin-Oxy-Fast-Relief-Adult-Nasal-Spray-1635160551-10027845-1.jpg",
      "IsNew": 1,
      "HasOffer": "N",
      "IsGiftableProduct": 0,
      "IsCustomizable": 0,
      "IsFeatured": 0,
      "DosageRestriction": 0,
      "DosageAlert": 0,
      "Active": 1,
      "ProductStatus": "C",
      "IsRedeemable": 0,
      "DosageFormDisplaySeq": null,
      "DocumentId": "28787",
      "GroupSize": 1,
      "AvgRating": 0,
      "NumRating": 89,
      "OrderCount": 50462,
      "NumCustomer": 16959,
      "DisplayRank": 99,
      "UnitPrice": 833.1999999999999,
      "Keywords": "nose congestion blockotc products household supplies",
      "Strength": "10 ml",
      "ProductShortDescription": "",
      "Salts": {
        "NameSearch": "oxymetazoline",
        "SaltStrengthRaw": "",
        "SaltStrength": "OXYMETAZOLINE10ML",
        "Id": "2858",
        "Code": "SN02598",
        "Name": "Oxymetazoline"
      },
      "MfgGroup": "Glaxo SmithKline Consumer Healthcare Ltd.",
      "EncodeProdId": "u5s8rs",
      "CustDiscPercent": 13,
      "CustOfferPrice": 83.32,
      "PTR": 0,
      "PTRDiscPercent": 0,
      "SchemeFreeBaseQty": 0,
      "OfferCategoryId": 0,
      "OfferCategory": "",
      "OfferTitle": "",
      "OfferImage": "",
      "ApplyPincodeWiseDiscount": false,
      "IsPurchased": 0,
      "DisplayFactor": 1,
      "SKUOrderCount": 50462,
      "MaxSKUOrderCount": 0,
      "PKLotId": "1003116247",
      "SchemeFreeBaseQtyOfferText": "",
      "CustomScoreManipulator": 15629,
      "RecentOrderCount": 9856,
      "RecentProductCount": 18510,
      "RecentCustCount": 5237,
      "RefProductId": null,
      "RouteId": 0,
      "BrandImage": "",
      "PrimaryDisease": "headche, pain, inflamation, bone related disease",
      "CustHighDisc": 0,
      "OfferPrice": 83.32,
      "DiscountPercent": 13,
      "MinQty": 1,
      "IsOutOfStock": "N",
      "IsCourierable": 1,
      "MRP": 96.8,
      "ExpiryDate": "2024-12-31T00:00:00.000Z",
      "LastMRP": 96.8,
      "score": 1
    },
    {
      "ProductName": "Volini Gel",
      "Brand": "Sun Pharmaceutical Ind. Ltd.",
      "DosageForm": "gel",
      "PrescriptionOTC": "M",
      "InteractiveModule": null,
      "InteractiveSubModule": "",
      "DeliveryDelayedDay": 0,
      "ProductId": "2422",
      "DisplayName": "Volini Gel 75 g",
      "ProductAliasName": "Volini Gel 75 g",
      "ProductImage": "Volini-1614052406-10002444-1.jpg",
      "IsNew": 1,
      "HasOffer": "N",
      "IsGiftableProduct": 0,
      "IsCustomizable": 0,
      "IsFeatured": 0,
      "DosageRestriction": 0,
      "DosageAlert": 0,
      "Active": 1,
      "ProductStatus": "C",
      "IsRedeemable": 0,
      "DosageFormDisplaySeq": null,
      "DocumentId": "2420",
      "GroupSize": 7,
      "AvgRating": 0,
      "NumRating": 219,
      "OrderCount": 103204,
      "NumCustomer": 61131,
      "DisplayRank": 99,
      "UnitPrice": 270.34666666666664,
      "Keywords": "pain arthritis backache muscular sprain volini-gel-composition omni-gel-vs-volini volini-vs-omni-gel volini-gel-mrp how-to-apply-volini-gel volini-gel-gel volini-gel volini-gel-price volini-gel-uses volini-gel-side-effects volini-gel-ingredients volini-gel-price-in-india volini-pain-relief-gel volini-gel-company composition-of-volini-gel volini-gel-during-pregnancy buy-volini-gel-online volini-pain-relief-gel-price price-of-volini-gel volini-spray-vs-gel volini-ranbaxy volini-logo volini-maxx-gel volini-cream volini-ointment volini-price volini-composition volini-wiki volini-tube volini-ad how-does-volini-work volini-ointment-price volini-meaning ranbaxy-volini why-does-volini-burn relispray-vs-volini volini-company volini-pain-relief volini-ingredients volini-medicine volini-plus volini-ad-actress can-volini-be-used-for-babies volini-during-pregnancy volini-ointment-uses volini-tablet volini-balm volini-side-effects can-volini-be-used-during-pregnancy volini-pronunciation side-effects-of-volini volini-360 how-volini-works volini-advertisement volini-vs-relispray volini-gel-75g-price volini-gel-75-gm-price moov artharitis joient artheritis back acheotc products household supplies",
      "Strength": "75 g",
      "ProductShortDescription": "",
      "Salts": {
        "NameSearch": "pain inflammation",
        "SaltStrengthRaw": "Diclofenac Diethylamine (equivalent To Diclofenac Sodium 1% W/w) 1.16% W/w + Linseed Oil Bp 3% W/w + Methyl Salicylate 10% W/w + Menthol 5% W/w + Benzyl Alcohol 1% W/w ",
        "SaltStrength": "BENZYLALCOHOL1WWDICLOFENACDIETHYLAMINEEQUIVALENTTODICLOFENACSODIUM1WW1.16WWLINSEEDOILBP3WWMENTHOL5WWMETHYLSALICYLATE10WW",
        "Id": "2773",
        "Code": "SN02554",
        "Name": "Pain Inflammation"
      },
      "MfgGroup": "Sun Pharmaceutical Ind. Ltd.",
      "EncodeProdId": "z5vykm",
      "CustDiscPercent": 17,
      "CustOfferPrice": 202.76,
      "PTR": 0,
      "PTRDiscPercent": 0,
      "SchemeFreeBaseQty": 0,
      "OfferCategoryId": 0,
      "OfferCategory": "",
      "OfferTitle": "",
      "OfferImage": "",
      "ApplyPincodeWiseDiscount": false,
      "IsPurchased": 0,
      "DisplayFactor": 1,
      "SKUOrderCount": 49890,
      "MaxSKUOrderCount": 0,
      "PKLotId": "1003122205",
      "SchemeFreeBaseQtyOfferText": "",
      "CustomScoreManipulator": 11411,
      "RecentOrderCount": 5023,
      "RecentProductCount": 5457,
      "RecentCustCount": 3857,
      "RefProductId": null,
      "RouteId": 3,
      "BrandImage": "",
      "PrimaryDisease": "headche, pain, inflamation, bone related disease",
      "CustHighDisc": 0,
      "OfferPrice": 202.76,
      "DiscountPercent": 17,
      "MinQty": 1,
      "IsOutOfStock": "N",
      "IsCourierable": 1,
      "MRP": 245,
      "ExpiryDate": "2023-11-30T00:00:00.000Z",
      "LastMRP": 245,
      "score": 1
    },
    {
      "ProductName": "Boroline Antiseptic Ayurvedic Cream",
      "Brand": "G.d.pharmaceuticals (p) Limited",
      "DosageForm": "antiseptic cream",
      "PrescriptionOTC": "O",
      "InteractiveModule": null,
      "InteractiveSubModule": "",
      "DeliveryDelayedDay": 0,
      "ProductId": "3611",
      "DisplayName": "Boroline Antiseptic Ayurvedic Cream 20 g",
      "ProductAliasName": "Boroline Antiseptic Ayurvedic Cream 20 g",
      "ProductImage": "Boroline-Antiseptic-Ayurvedic-Cream-1603789798-10004122-1.jpg",
      "IsNew": 1,
      "HasOffer": "N",
      "IsGiftableProduct": 0,
      "IsCustomizable": 0,
      "IsFeatured": 0,
      "DosageRestriction": 5,
      "DosageAlert": 0,
      "Active": 1,
      "ProductStatus": "C",
      "IsRedeemable": 0,
      "DosageFormDisplaySeq": 30,
      "DocumentId": "3610",
      "GroupSize": 3,
      "AvgRating": 4.7,
      "NumRating": 3333,
      "OrderCount": 100650,
      "NumCustomer": 60547,
      "DisplayRank": 0,
      "UnitPrice": 192.3,
      "Keywords": "cut wound burn rashes sores  fungal skin infection moisturiser moisturising womendayotc products household supplies",
      "Strength": "20 g",
      "ProductShortDescription": "",
      "Salts": {},
      "MfgGroup": "G.D.Pharmaceuticals (P) Limited",
      "EncodeProdId": "49jka9",
      "CustDiscPercent": 3,
      "CustOfferPrice": 38.46,
      "PTR": 0,
      "PTRDiscPercent": 0,
      "SchemeFreeBaseQty": 0,
      "OfferCategoryId": 0,
      "OfferCategory": "",
      "OfferTitle": "",
      "OfferImage": "",
      "ApplyPincodeWiseDiscount": false,
      "IsPurchased": 0,
      "DisplayFactor": 1,
      "SKUOrderCount": 48819,
      "MaxSKUOrderCount": 0,
      "PKLotId": "1003085867",
      "SchemeFreeBaseQtyOfferText": "",
      "CustomScoreManipulator": 13672,
      "RecentOrderCount": 7537,
      "RecentProductCount": 11210,
      "RecentCustCount": 5797,
      "RefProductId": null,
      "RouteId": 0,
      "BrandImage": "1499229443_Boroline.jpg",
      "PrimaryDisease": "",
      "CustHighDisc": 0,
      "OfferPrice": 38.46,
      "DiscountPercent": 3,
      "MinQty": 1,
      "IsOutOfStock": "N",
      "IsCourierable": 1,
      "MRP": 40,
      "ExpiryDate": "2024-10-31T00:00:00.000Z",
      "LastMRP": 40,
      "score": 1
    },
    {
      "ProductName": "Muci Bael Micro-Granules",
      "Brand": "Indian National Drug Co. Pvt. Ltd.",
      "DosageForm": "constipation & laxatives",
      "PrescriptionOTC": "O",
      "InteractiveModule": null,
      "InteractiveSubModule": "",
      "DeliveryDelayedDay": 30,
      "ProductId": "2531",
      "DisplayName": "Muci Bael Micro-Granules 300 g",
      "ProductAliasName": "Muci Bael Micro-Granules 300 g",
      "ProductImage": "Muci-Bael-Granules-1592642163-10002556-1.jpg",
      "IsNew": 1,
      "HasOffer": "Y",
      "IsGiftableProduct": 0,
      "IsCustomizable": 0,
      "IsFeatured": 0,
      "DosageRestriction": 0,
      "DosageAlert": 0,
      "Active": 1,
      "ProductStatus": "C",
      "IsRedeemable": 0,
      "DosageFormDisplaySeq": 22,
      "DocumentId": "2531",
      "GroupSize": 2,
      "AvgRating": 4.57,
      "NumRating": 754,
      "OrderCount": 53745,
      "NumCustomer": 13657,
      "DisplayRank": 0,
      "UnitPrice": 120.67333333333332,
      "Keywords": "constipation stool softner constepation constipetion mucibael mucibeal muci-bealotc products household supplies",
      "Strength": "300 g",
      "ProductShortDescription": "",
      "Salts": {},
      "MfgGroup": "Indian National Drug Co. Pvt. Ltd.",
      "EncodeProdId": "eh9kx3",
      "CustDiscPercent": 14,
      "CustOfferPrice": 362.02,
      "PTR": 0,
      "PTRDiscPercent": 0,
      "SchemeFreeBaseQty": 0,
      "OfferCategoryId": 8,
      "OfferCategory": "Best Prices On Top Sellers",
      "OfferTitle": "Best Sellers",
      "OfferImage": "",
      "ApplyPincodeWiseDiscount": false,
      "IsPurchased": 0,
      "DisplayFactor": 1,
      "SKUOrderCount": 48113,
      "MaxSKUOrderCount": 0,
      "PKLotId": "1003190875",
      "SchemeFreeBaseQtyOfferText": "",
      "CustomScoreManipulator": 11340,
      "RecentOrderCount": 5899,
      "RecentProductCount": 7606,
      "RecentCustCount": 2619,
      "RefProductId": null,
      "RouteId": 0,
      "BrandImage": "1499247183_Muci-Bael.jpg",
      "PrimaryDisease": "constipation",
      "CustHighDisc": 0,
      "OfferPrice": 362.02,
      "DiscountPercent": 14,
      "MinQty": 1,
      "IsOutOfStock": "N",
      "IsCourierable": 1,
      "MRP": 425,
      "ExpiryDate": "2024-01-31T00:00:00.000Z",
      "LastMRP": 425,
      "score": 1
    },
    {
      "ProductName": "Softovac SF Husk",
      "Brand": "Lupin Ltd.(m1)",
      "DosageForm": "powder",
      "PrescriptionOTC": "M",
      "InteractiveModule": null,
      "InteractiveSubModule": "",
      "DeliveryDelayedDay": 0,
      "ProductId": "3948",
      "DisplayName": "Softovac SF Husk 100 g",
      "ProductAliasName": "Softovac SF Husk 100 g",
      "ProductImage": "Softovac-SF-1598074959-10004460-1.jpg",
      "IsNew": 1,
      "HasOffer": "N",
      "IsGiftableProduct": 0,
      "IsCustomizable": 0,
      "IsFeatured": 0,
      "DosageRestriction": 0,
      "DosageAlert": 0,
      "Active": 1,
      "ProductStatus": "C",
      "IsRedeemable": 0,
      "DosageFormDisplaySeq": null,
      "DocumentId": "3948",
      "GroupSize": 2,
      "AvgRating": 0,
      "NumRating": 39,
      "OrderCount": 68667,
      "NumCustomer": 18457,
      "DisplayRank": 99,
      "UnitPrice": 149.76,
      "Keywords": "constipation stool softner constepationotc products household supplies",
      "Strength": "100 g",
      "ProductShortDescription": "",
      "Salts": {
        "NameSearch": "ispaghula",
        "SaltStrengthRaw": "Proprietary Ayurvedic Medicine",
        "SaltStrength": "PROPRIETARYAYURVEDICMEDICINE",
        "Id": "723",
        "Code": "SN00784",
        "Name": "Ispaghula"
      },
      "MfgGroup": "Lupin Ltd.(M1)",
      "EncodeProdId": "dcu982",
      "CustDiscPercent": 19,
      "CustOfferPrice": 149.76,
      "PTR": 0,
      "PTRDiscPercent": 0,
      "SchemeFreeBaseQty": 0,
      "OfferCategoryId": 0,
      "OfferCategory": "",
      "OfferTitle": "",
      "OfferImage": "",
      "ApplyPincodeWiseDiscount": false,
      "IsPurchased": 0,
      "DisplayFactor": 1,
      "SKUOrderCount": 47862,
      "MaxSKUOrderCount": 0,
      "PKLotId": "1003211726",
      "SchemeFreeBaseQtyOfferText": "",
      "CustomScoreManipulator": 9628,
      "RecentOrderCount": 3242,
      "RecentProductCount": 4520,
      "RecentCustCount": 1815,
      "RefProductId": null,
      "RouteId": 0,
      "BrandImage": "",
      "PrimaryDisease": "constipation",
      "CustHighDisc": 0,
      "OfferPrice": 149.76,
      "DiscountPercent": 19,
      "MinQty": 1,
      "IsOutOfStock": "N",
      "IsCourierable": 1,
      "MRP": 185,
      "ExpiryDate": "2024-10-01T00:00:00.000Z",
      "LastMRP": 185,
      "score": 1
    },
    {
      "ProductName": "Celin (New)",
      "Brand": "Koye Pharmaceuticals Pvt Ltd.",
      "DosageForm": "tablet.",
      "PrescriptionOTC": "P",
      "InteractiveModule": "",
      "InteractiveSubModule": "",
      "DeliveryDelayedDay": 0,
      "ProductId": "95114",
      "DisplayName": "Celin (New) 500 mg Tablet (25 Tab)",
      "ProductAliasName": "Celin (New) 500 mg Tablet (25 Tab)",
      "ProductImage": "Celin-New-1598341915-10070144-1.jpg",
      "IsNew": 1,
      "HasOffer": "N",
      "IsGiftableProduct": 0,
      "IsCustomizable": 0,
      "IsFeatured": 0,
      "DosageRestriction": 0,
      "DosageAlert": 0,
      "Active": 1,
      "ProductStatus": "C",
      "IsRedeemable": 0,
      "DosageFormDisplaySeq": null,
      "DocumentId": "95114",
      "GroupSize": 1,
      "AvgRating": 0,
      "NumRating": 61,
      "OrderCount": 37340,
      "NumCustomer": 19450,
      "DisplayRank": 99,
      "UnitPrice": 0,
      "Keywords": "vitamin-&-mineral-deficiency medicine",
      "Strength": "500 mg Tablet",
      "ProductShortDescription": "",
      "Salts": {
        "NameSearch": "ascorbic acid",
        "SaltStrengthRaw": "Vitamin C 500mg",
        "SaltStrength": "VITAMINC500MG",
        "Id": "115",
        "Code": "SN00124",
        "Name": "Ascorbic Acid"
      },
      "MfgGroup": "KOYE PHARMACEUTICALS PVT LTD.",
      "EncodeProdId": "b8bdmw",
      "CustDiscPercent": 18,
      "CustOfferPrice": 31.68,
      "PTR": 0,
      "PTRDiscPercent": 0,
      "SchemeFreeBaseQty": 0,
      "OfferCategoryId": 0,
      "OfferCategory": "",
      "OfferTitle": "",
      "OfferImage": "",
      "ApplyPincodeWiseDiscount": false,
      "IsPurchased": 0,
      "DisplayFactor": 1,
      "SKUOrderCount": 46955,
      "MaxSKUOrderCount": 0,
      "PKLotId": "1003081073",
      "SchemeFreeBaseQtyOfferText": "",
      "CustomScoreManipulator": 19882,
      "RecentOrderCount": 13104,
      "RecentProductCount": 36091,
      "RecentCustCount": 8109,
      "RefProductId": null,
      "RouteId": 1,
      "BrandImage": null,
      "PrimaryDisease": "",
      "CustHighDisc": 0,
      "OfferPrice": 31.68,
      "DiscountPercent": 18,
      "MinQty": 1,
      "IsOutOfStock": "N",
      "IsCourierable": 1,
      "MRP": 38.64,
      "ExpiryDate": "2023-08-31T00:00:00.000Z",
      "LastMRP": 38.64,
      "score": 1
    },
    {
      "ProductName": "Becadexamin",
      "Brand": "Glaxo Smithkline Pharmaceuticals Limited",
      "DosageForm": "capsules",
      "PrescriptionOTC": "P",
      "InteractiveModule": "",
      "InteractiveSubModule": "",
      "DeliveryDelayedDay": 0,
      "ProductId": "44",
      "DisplayName": "Becadexamin 30 Capsules",
      "ProductAliasName": "Becadexamin 30 Capsules",
      "ProductImage": "Becadexamin-1632378124-10000086-1.jpg",
      "IsNew": 1,
      "HasOffer": "N",
      "IsGiftableProduct": 0,
      "IsCustomizable": 0,
      "IsFeatured": 0,
      "DosageRestriction": 0,
      "DosageAlert": 0,
      "Active": 1,
      "ProductStatus": "C",
      "IsRedeemable": 0,
      "DosageFormDisplaySeq": null,
      "DocumentId": "44",
      "GroupSize": 1,
      "AvgRating": 0,
      "NumRating": 76,
      "OrderCount": 44913,
      "NumCustomer": 13817,
      "DisplayRank": 99,
      "UnitPrice": 0,
      "Keywords": "vitamin-&-mineral-deficiency medicine",
      "Strength": "30 Capsules",
      "ProductShortDescription": "",
      "Salts": {
        "NameSearch": "multivitamin + multimineral",
        "SaltStrengthRaw": "Copper Sulphate Pentahydrate 0.1mg + Dibasic Calcium Phosphate 70mg + D-panthenol 5mg + Folic Acid 1000mg + Light Magnesium Oxide 0.15mg + Manganese Sulfate Monohydrate 0.01mg + Nicotinamide 45mg + Potassium Iodide 0.025mg + Vitamin A 5000iu + Vitamin B1 5mg + Vitamin B12 5mcg + Vitamin B2 5mg + Vitamin B6 2mg + Vitamin C 75mg + Vitamin D3 400iu + Vitamin E 15mg + Zinc Sulphate Monohydrate 28.7mg (equivalent To Elemental Zinc 10.4mg)",
        "SaltStrength": "COPPERSULPHATEPENTAHYDRATE0.1MGDIBASICCALCIUMPHOSPHATE70MGDPANTHENOL5MGFOLICACID1000MGLIGHTMAGNESIUMOXIDE0.15MGMANGANESESULFATEMONOHYDRATE0.01MGNICOTINAMIDE45MGPOTASSIUMIODIDE0.025MGVITAMINA5000IUVITAMINB125MCGVITAMINB15MGVITAMINB25MGVITAMINB62MGVITAMINC75MGVITAMIND3400IUVITAMINE15MGZINCSULPHATEMONOHYDRATE28.7MGEQUIVALENTTOELEMENTALZINC10.4MG",
        "Id": "1121",
        "Code": "SN01443",
        "Name": "Multivitamin + Multimineral"
      },
      "MfgGroup": "Glaxo SmithKline Pharmaceuticals Limited",
      "EncodeProdId": "7fv5bl",
      "CustDiscPercent": 18,
      "CustOfferPrice": 34.6,
      "PTR": 0,
      "PTRDiscPercent": 0,
      "SchemeFreeBaseQty": 0,
      "OfferCategoryId": 0,
      "OfferCategory": "",
      "OfferTitle": "",
      "OfferImage": "",
      "ApplyPincodeWiseDiscount": false,
      "IsPurchased": 0,
      "DisplayFactor": 1,
      "SKUOrderCount": 44913,
      "MaxSKUOrderCount": 0,
      "PKLotId": "1003215397",
      "SchemeFreeBaseQtyOfferText": "",
      "CustomScoreManipulator": 13321,
      "RecentOrderCount": 8109,
      "RecentProductCount": 14999,
      "RecentCustCount": 4274,
      "RefProductId": null,
      "RouteId": 1,
      "BrandImage": "",
      "PrimaryDisease": "",
      "CustHighDisc": 0,
      "OfferPrice": 34.6,
      "DiscountPercent": 18,
      "MinQty": 1,
      "IsOutOfStock": "N",
      "IsCourierable": 1,
      "MRP": 42.2,
      "ExpiryDate": "2023-04-30T00:00:00.000Z",
      "LastMRP": 42.2,
      "score": 1
    },
    {
      "ProductName": "Digene (Orange Flavour)",
      "Brand": "Abbott India Limited(g)",
      "DosageForm": "tablet.",
      "PrescriptionOTC": "M",
      "InteractiveModule": null,
      "InteractiveSubModule": "",
      "DeliveryDelayedDay": 0,
      "ProductId": "23290",
      "DisplayName": "Digene (Orange Flavour) 15 Tablets",
      "ProductAliasName": "Digene (Orange Flavour) 15 Tablets",
      "ProductImage": "Digene-Orange-1599478534-10022340-1.jpg",
      "IsNew": 1,
      "HasOffer": "N",
      "IsGiftableProduct": 0,
      "IsCustomizable": 0,
      "IsFeatured": 0,
      "DosageRestriction": 0,
      "DosageAlert": 0,
      "Active": 1,
      "ProductStatus": "C",
      "IsRedeemable": 0,
      "DosageFormDisplaySeq": null,
      "DocumentId": "2497",
      "GroupSize": 2,
      "AvgRating": 0,
      "NumRating": 59,
      "OrderCount": 45917,
      "NumCustomer": 18419,
      "DisplayRank": 99,
      "UnitPrice": 0,
      "Keywords": "gastritis gastric hyperacidity indigestion acidity gas digene (orange) tablet (12 tab)otc products household supplies",
      "Strength": "15 Tablets",
      "ProductShortDescription": "",
      "Salts": {
        "NameSearch": "aluminium hydroxide + magnesium hydroxide + magnesium aluminium silicate hydrate + simethicone",
        "SaltStrengthRaw": "Each Uncoated Chewable Tablet Contains:<br>dried Aluminium Hydroxide Gel 300mg + Magnesium Aluminium Silicate Hydrate 50mg + Magnesium Hydroxide 25mg + Simethicone 25mg",
        "SaltStrength": "EACHUNCOATEDCHEWABLETABLETCONTAINSBRDRIEDALUMINIUMHYDROXIDEGEL300MGMAGNESIUMALUMINIUMSILICATEHYDRATE50MGMAGNESIUMHYDROXIDE25MGSIMETHICONE25MG",
        "Id": "3761",
        "Code": "SN03093",
        "Name": "Aluminium Hydroxide + Magnesium Hydroxide + Magnesium Aluminium Silicate Hydrate + Simethicone"
      },
      "MfgGroup": "Abbott India Limited(G)",
      "EncodeProdId": "28pt77",
      "CustDiscPercent": 23,
      "CustOfferPrice": 16.72,
      "PTR": 0,
      "PTRDiscPercent": 0,
      "SchemeFreeBaseQty": 0,
      "OfferCategoryId": 0,
      "OfferCategory": "",
      "OfferTitle": "",
      "OfferImage": "",
      "ApplyPincodeWiseDiscount": false,
      "IsPurchased": 0,
      "DisplayFactor": 1,
      "SKUOrderCount": 44670,
      "MaxSKUOrderCount": 0,
      "PKLotId": "1003216716",
      "SchemeFreeBaseQtyOfferText": "",
      "CustomScoreManipulator": 15244,
      "RecentOrderCount": 9936,
      "RecentProductCount": 19796,
      "RecentCustCount": 5989,
      "RefProductId": null,
      "RouteId": 1,
      "BrandImage": null,
      "PrimaryDisease": "",
      "CustHighDisc": 1,
      "OfferPrice": 16.72,
      "DiscountPercent": 23,
      "MinQty": 1,
      "IsOutOfStock": "N",
      "IsCourierable": 1,
      "MRP": 21.95,
      "ExpiryDate": "2024-12-31T00:00:00.000Z",
      "LastMRP": 21.95,
      "score": 1
    },
    {
      "ProductName": "Saridon",
      "Brand": "Bayer Pharmaceuticals Pvt. Ltd.",
      "DosageForm": "tablet.",
      "PrescriptionOTC": "M",
      "InteractiveModule": null,
      "InteractiveSubModule": "",
      "DeliveryDelayedDay": 0,
      "ProductId": "357",
      "DisplayName": "Saridon 10 Tablets",
      "ProductAliasName": "Saridon 10 Tablets",
      "ProductImage": "Saridon-1637830289-10000713-1.jpg",
      "IsNew": 1,
      "HasOffer": "N",
      "IsGiftableProduct": 0,
      "IsCustomizable": 0,
      "IsFeatured": 0,
      "DosageRestriction": 0,
      "DosageAlert": 0,
      "Active": 1,
      "ProductStatus": "C",
      "IsRedeemable": 0,
      "DosageFormDisplaySeq": null,
      "DocumentId": "357",
      "GroupSize": 1,
      "AvgRating": 0,
      "NumRating": 0,
      "OrderCount": 7609,
      "NumCustomer": 3834,
      "DisplayRank": 99,
      "UnitPrice": 0,
      "Keywords": "pain-&-inflamation headacheotc products household supplies",
      "Strength": "10 Tablets",
      "ProductShortDescription": "",
      "Salts": {
        "NameSearch": "propyphenazone + paracetamol + caffeine",
        "SaltStrengthRaw": "Caffeine (anhydrous) 50mg + Paracetamol 250mg + Propyphenazone 150mg",
        "SaltStrength": "CAFFEINEANHYDROUS50MGPARACETAMOL250MGPROPYPHENAZONE150MG",
        "Id": "6860",
        "Code": "SN05847",
        "Name": "Propyphenazone + Paracetamol + Caffeine"
      },
      "MfgGroup": "Bayer Pharmaceuticals Pvt. Ltd.",
      "EncodeProdId": "uu8erz",
      "CustDiscPercent": 18,
      "CustOfferPrice": 31.59,
      "PTR": 0,
      "PTRDiscPercent": 0,
      "SchemeFreeBaseQty": 0,
      "OfferCategoryId": 0,
      "OfferCategory": "",
      "OfferTitle": "",
      "OfferImage": "",
      "ApplyPincodeWiseDiscount": false,
      "IsPurchased": 0,
      "DisplayFactor": 1,
      "SKUOrderCount": 42593,
      "MaxSKUOrderCount": 0,
      "PKLotId": "1003180158",
      "SchemeFreeBaseQtyOfferText": "",
      "CustomScoreManipulator": 12618,
      "RecentOrderCount": 7113,
      "RecentProductCount": 14474,
      "RecentCustCount": 4480,
      "RefProductId": "107166",
      "RouteId": 1,
      "BrandImage": null,
      "PrimaryDisease": "headche, pain, inflamation, bone related disease",
      "CustHighDisc": 0,
      "OfferPrice": 31.59,
      "DiscountPercent": 18,
      "MinQty": 1,
      "IsOutOfStock": "N",
      "IsCourierable": 1,
      "MRP": 38.53,
      "ExpiryDate": "2024-12-31T00:00:00.000Z",
      "LastMRP": 38.53,
      "score": 1
    },
    {
      "ProductName": "Gelusil Mps (Sugar Free) Liquid",
      "Brand": "Pfizer Limited",
      "DosageForm": "suspension",
      "PrescriptionOTC": "M",
      "InteractiveModule": null,
      "InteractiveSubModule": "",
      "DeliveryDelayedDay": 0,
      "ProductId": "1173",
      "DisplayName": "Gelusil Mps (Sugar Free) Liquid 400 ml",
      "ProductAliasName": "Gelusil Mps (Sugar Free) Liquid 400 ml",
      "ProductImage": "Gelusil-Mps-1528369726-10001167.jpg",
      "IsNew": 1,
      "HasOffer": "N",
      "IsGiftableProduct": 0,
      "IsCustomizable": 0,
      "IsFeatured": 0,
      "DosageRestriction": 0,
      "DosageAlert": 0,
      "Active": 1,
      "ProductStatus": "C",
      "IsRedeemable": 0,
      "DosageFormDisplaySeq": null,
      "DocumentId": "1173",
      "GroupSize": 2,
      "AvgRating": 0,
      "NumRating": 61,
      "OrderCount": 53632,
      "NumCustomer": 22609,
      "DisplayRank": 99,
      "UnitPrice": 36.75,
      "Keywords": "gastritis gastric hyperacidity indigestion acidity gas gastro-intestinal-disorder gelucil sugarfreeotc products household supplies",
      "Strength": "400 ml",
      "ProductShortDescription": "",
      "Salts": {
        "NameSearch": "activated dimethicone + aluminium hydroxide + magnesium hydroxide + sorbitol",
        "SaltStrengthRaw": "Activated Dimethicone 50mg/5ml + Dried Aluminium Hydroxide (added As Aluminium Hydroxide Paste) 250mg/5ml + Magnesium Hydroxide (added As Magnesium Hydroxide Paste) 250mg/5ml + Sorbitol Solution (70%) (non-crystallising) 1.25g/5ml",
        "SaltStrength": "ACTIVATEDDIMETHICONE50MG5MLDRIEDALUMINIUMHYDROXIDEADDEDASALUMINIUMHYDROXIDEPASTE250MG5MLMAGNESIUMHYDROXIDEADDEDASMAGNESIUMHYDROXIDEPASTE250MG5MLSORBITOLSOLUTION70NONCRYSTALLISING1.25G5ML",
        "Id": "6169",
        "Code": "SN05163",
        "Name": "Activated Dimethicone + Aluminium Hydroxide + Magnesium Hydroxide + Sorbitol"
      },
      "MfgGroup": "Pfizer Limited",
      "EncodeProdId": "zuxc8r",
      "CustDiscPercent": 23,
      "CustOfferPrice": 147,
      "PTR": 0,
      "PTRDiscPercent": 0,
      "SchemeFreeBaseQty": 0,
      "OfferCategoryId": 0,
      "OfferCategory": "",
      "OfferTitle": "",
      "OfferImage": "",
      "ApplyPincodeWiseDiscount": false,
      "IsPurchased": 0,
      "DisplayFactor": 1,
      "SKUOrderCount": 39332,
      "MaxSKUOrderCount": 0,
      "PKLotId": "1003263561",
      "SchemeFreeBaseQtyOfferText": "",
      "CustomScoreManipulator": 9117,
      "RecentOrderCount": 4206,
      "RecentProductCount": 4953,
      "RecentCustCount": 2863,
      "RefProductId": null,
      "RouteId": 0,
      "BrandImage": "",
      "PrimaryDisease": "",
      "CustHighDisc": 1,
      "OfferPrice": 147,
      "DiscountPercent": 23,
      "MinQty": 1,
      "IsOutOfStock": "N",
      "IsCourierable": 1,
      "MRP": 191.38,
      "ExpiryDate": "2023-10-31T00:00:00.000Z",
      "LastMRP": 191.38,
      "score": 1
    },
    {
      "ProductName": "Electral Sachet",
      "Brand": "Fdc Limited(a)",
      "DosageForm": "sachet",
      "PrescriptionOTC": "M",
      "InteractiveModule": null,
      "InteractiveSubModule": "",
      "DeliveryDelayedDay": 0,
      "ProductId": "3623",
      "DisplayName": "Electral Sachet 21.8 g",
      "ProductAliasName": "Electral Sachet 21.8 g",
      "ProductImage": "Electral-1627640846-10004134-1.jpg",
      "IsNew": 1,
      "HasOffer": "N",
      "IsGiftableProduct": 0,
      "IsCustomizable": 0,
      "IsFeatured": 0,
      "DosageRestriction": 0,
      "DosageAlert": 0,
      "Active": 1,
      "ProductStatus": "C",
      "IsRedeemable": 0,
      "DosageFormDisplaySeq": null,
      "DocumentId": "3623",
      "GroupSize": 2,
      "AvgRating": 0,
      "NumRating": 104,
      "OrderCount": 38735,
      "NumCustomer": 18261,
      "DisplayRank": 99,
      "UnitPrice": 77.4770642201835,
      "Keywords": "diarrhoeaotc products household supplies",
      "Strength": "21.8 g",
      "ProductShortDescription": "",
      "Salts": {
        "NameSearch": "oral rehydration salts",
        "SaltStrengthRaw": "",
        "SaltStrength": "ORALREHYDRATIONSALTS21.8G",
        "Id": "729",
        "Code": "SN00802",
        "Name": "Oral Rehydration Salts"
      },
      "MfgGroup": "FDC Limited(A)",
      "EncodeProdId": "2rb5bl",
      "CustDiscPercent": 14,
      "CustOfferPrice": 16.89,
      "PTR": 0,
      "PTRDiscPercent": 0,
      "SchemeFreeBaseQty": 0,
      "OfferCategoryId": 0,
      "OfferCategory": "",
      "OfferTitle": "",
      "OfferImage": "",
      "ApplyPincodeWiseDiscount": false,
      "IsPurchased": 0,
      "DisplayFactor": 1,
      "SKUOrderCount": 38542,
      "MaxSKUOrderCount": 0,
      "PKLotId": "1003303129",
      "SchemeFreeBaseQtyOfferText": "",
      "CustomScoreManipulator": 20228,
      "RecentOrderCount": 9803,
      "RecentProductCount": 57684,
      "RecentCustCount": 6750,
      "RefProductId": null,
      "RouteId": 0,
      "BrandImage": "",
      "PrimaryDisease": "",
      "CustHighDisc": 0,
      "OfferPrice": 16.89,
      "DiscountPercent": 14,
      "MinQty": 1,
      "IsOutOfStock": "N",
      "IsCourierable": 1,
      "MRP": 19.84,
      "ExpiryDate": "2024-01-31T00:00:00.000Z",
      "LastMRP": 19.84,
      "score": 1
    },
    {
      "ProductName": "Dabur Pudin Hara",
      "Brand": "Dabur India Limited",
      "DosageForm": "acidity & gas",
      "PrescriptionOTC": "O",
      "InteractiveModule": null,
      "InteractiveSubModule": "",
      "DeliveryDelayedDay": 30,
      "ProductId": "4049",
      "DisplayName": "Dabur Pudin Hara 10 Capsules",
      "ProductAliasName": "Dabur Pudin Hara 10 Capsules",
      "ProductImage": "Dabur-Pudin-Hara-1602666714-10004562-1.jpg",
      "IsNew": 1,
      "HasOffer": "N",
      "IsGiftableProduct": 0,
      "IsCustomizable": 0,
      "IsFeatured": 0,
      "DosageRestriction": 0,
      "DosageAlert": 0,
      "Active": 1,
      "ProductStatus": "C",
      "IsRedeemable": 0,
      "DosageFormDisplaySeq": 29,
      "DocumentId": "4049",
      "GroupSize": 2,
      "AvgRating": 4.6,
      "NumRating": 818,
      "OrderCount": 35690,
      "NumCustomer": 14941,
      "DisplayRank": 99,
      "UnitPrice": 0,
      "Keywords": "stomach ache pain gastric indigestion gastritesotc products household supplies",
      "Strength": "10 Capsules",
      "ProductShortDescription": "",
      "Salts": {},
      "MfgGroup": "Dabur India Limited",
      "EncodeProdId": "wcpzpw",
      "CustDiscPercent": 5,
      "CustOfferPrice": 23.66,
      "PTR": 0,
      "PTRDiscPercent": 0,
      "SchemeFreeBaseQty": 0,
      "OfferCategoryId": 0,
      "OfferCategory": "",
      "OfferTitle": "",
      "OfferImage": "",
      "ApplyPincodeWiseDiscount": false,
      "IsPurchased": 0,
      "DisplayFactor": 1,
      "SKUOrderCount": 34778,
      "MaxSKUOrderCount": 0,
      "PKLotId": "1003070985",
      "SchemeFreeBaseQtyOfferText": "",
      "CustomScoreManipulator": 9877,
      "RecentOrderCount": 5071,
      "RecentProductCount": 11422,
      "RecentCustCount": 3347,
      "RefProductId": null,
      "RouteId": 0,
      "BrandImage": "1499253093_pudinhara.jpg",
      "PrimaryDisease": "liver related",
      "CustHighDisc": 0,
      "OfferPrice": 23.66,
      "DiscountPercent": 5,
      "MinQty": 1,
      "IsOutOfStock": "N",
      "IsCourierable": 1,
      "MRP": 25,
      "ExpiryDate": "2023-11-30T00:00:00.000Z",
      "LastMRP": 25,
      "score": 1
    },
    {
      "ProductName": "D Protin Chocolate Powder Jar",
      "Brand": "British Biologicals",
      "DosageForm": "health drinks",
      "PrescriptionOTC": "O",
      "InteractiveModule": null,
      "InteractiveSubModule": "",
      "DeliveryDelayedDay": 0,
      "ProductId": "3858",
      "DisplayName": "D Protin Chocolate Powder Jar 500 g",
      "ProductAliasName": "D Protin Chocolate Powder Jar 500 g",
      "ProductImage": "D-Protin-Choc-Jar-Powder-1578649327-10004500-1.jpg",
      "IsNew": 1,
      "HasOffer": "Y",
      "IsGiftableProduct": 0,
      "IsCustomizable": 0,
      "IsFeatured": 0,
      "DosageRestriction": 3,
      "DosageAlert": 0,
      "Active": 1,
      "ProductStatus": "C",
      "IsRedeemable": 0,
      "DosageFormDisplaySeq": 21,
      "DocumentId": "3858",
      "GroupSize": 2,
      "AvgRating": 4.58,
      "NumRating": 670,
      "OrderCount": 38007,
      "NumCustomer": 10878,
      "DisplayRank": 99,
      "UnitPrice": 99.404,
      "Keywords": "nutritious dietary supplement diabetes diabetic blood sugar groceryotc products household supplies",
      "Strength": "500 g",
      "ProductShortDescription": "",
      "Salts": {},
      "MfgGroup": "British Biologicals",
      "EncodeProdId": "l7zq9d",
      "CustDiscPercent": 14,
      "CustOfferPrice": 497.02,
      "PTR": 0,
      "PTRDiscPercent": 0,
      "SchemeFreeBaseQty": 0,
      "OfferCategoryId": 8,
      "OfferCategory": "Best Prices On Top Sellers",
      "OfferTitle": "Best Sellers",
      "OfferImage": "",
      "ApplyPincodeWiseDiscount": false,
      "IsPurchased": 0,
      "DisplayFactor": 1,
      "SKUOrderCount": 34604,
      "MaxSKUOrderCount": 0,
      "PKLotId": "1003173046",
      "SchemeFreeBaseQtyOfferText": "",
      "CustomScoreManipulator": 8339,
      "RecentOrderCount": 4558,
      "RecentProductCount": 5345,
      "RecentCustCount": 2145,
      "RefProductId": null,
      "RouteId": 0,
      "BrandImage": "1499230877_d-protin.jpg",
      "PrimaryDisease": "diabetes type 2",
      "CustHighDisc": 0,
      "OfferPrice": 497.02,
      "DiscountPercent": 14,
      "MinQty": 1,
      "IsOutOfStock": "N",
      "IsCourierable": 1,
      "MRP": 578,
      "ExpiryDate": "2023-12-31T00:00:00.000Z",
      "LastMRP": 578,
      "score": 1
    },
    {
      "ProductName": "Zandu Pancharishta Tonic",
      "Brand": "Emami Limited",
      "DosageForm": "acidity & gas",
      "PrescriptionOTC": "O",
      "InteractiveModule": null,
      "InteractiveSubModule": "",
      "DeliveryDelayedDay": 30,
      "ProductId": "3737",
      "DisplayName": "Zandu Pancharishta Tonic 450 ml",
      "ProductAliasName": "Zandu Pancharishta Tonic 450 ml",
      "ProductImage": "Zandu-Pancharishta-Tonic-1586516539-10004248-1.jpg",
      "IsNew": 1,
      "HasOffer": "Y",
      "IsGiftableProduct": 0,
      "IsCustomizable": 0,
      "IsFeatured": 0,
      "DosageRestriction": 0,
      "DosageAlert": 0,
      "Active": 1,
      "ProductStatus": "C",
      "IsRedeemable": 0,
      "DosageFormDisplaySeq": null,
      "DocumentId": "3737",
      "GroupSize": 1,
      "AvgRating": 4.5,
      "NumRating": 654,
      "OrderCount": 34731,
      "NumCustomer": 13476,
      "DisplayRank": 0,
      "UnitPrice": 29.602222222222224,
      "Keywords": "constipation digestion digestive constepation constipetion  zandu pancharishta tonic (free ayurvedic cough syrup 2 sachets) 450 mlotc products household supplies",
      "Strength": "450 ml",
      "ProductShortDescription": "",
      "Salts": {},
      "MfgGroup": "Emami Limited",
      "EncodeProdId": "j73npd",
      "CustDiscPercent": 4,
      "CustOfferPrice": 133.21,
      "PTR": 0,
      "PTRDiscPercent": 0,
      "SchemeFreeBaseQty": 0,
      "OfferCategoryId": 12,
      "OfferCategory": "Better Your Nutrition Game",
      "OfferTitle": "Ayurveda",
      "OfferImage": "",
      "ApplyPincodeWiseDiscount": false,
      "IsPurchased": 0,
      "DisplayFactor": 1,
      "SKUOrderCount": 34528,
      "MaxSKUOrderCount": 0,
      "PKLotId": "1003232287",
      "SchemeFreeBaseQtyOfferText": "",
      "CustomScoreManipulator": 7536,
      "RecentOrderCount": 3072,
      "RecentProductCount": 4139,
      "RecentCustCount": 1886,
      "RefProductId": "96799",
      "RouteId": 0,
      "BrandImage": "1499229200_zandu.jpg",
      "PrimaryDisease": "constipation",
      "CustHighDisc": 0,
      "OfferPrice": 133.21,
      "DiscountPercent": 4,
      "MinQty": 1,
      "IsOutOfStock": "N",
      "IsCourierable": 1,
      "MRP": 140,
      "ExpiryDate": "2023-12-31T00:00:00.000Z",
      "LastMRP": 140,
      "score": 1
    },
    {
      "ProductName": "Whisper Choice Ultra XL Wings Sanitary Pads",
      "Brand": "Procter & Gamble Hygiene And Health Care Limited",
      "DosageForm": "sanitary pads",
      "PrescriptionOTC": "O",
      "InteractiveModule": null,
      "InteractiveSubModule": "",
      "DeliveryDelayedDay": 0,
      "ProductId": "30003",
      "DisplayName": "Whisper Choice Ultra XL Wings Sanitary Pads Pack Of 6",
      "ProductAliasName": "Whisper Choice Ultra XL Wings Sanitary Pads Pack Of 6",
      "ProductImage": "Whisper-Choice-Ultra-XL-Wings-Sanitary-Pads-1648890416-10029062-1.jpg",
      "IsNew": 1,
      "HasOffer": "N",
      "IsGiftableProduct": 0,
      "IsCustomizable": 0,
      "IsFeatured": 0,
      "DosageRestriction": 4,
      "DosageAlert": 0,
      "Active": 1,
      "ProductStatus": "C",
      "IsRedeemable": 0,
      "DosageFormDisplaySeq": null,
      "DocumentId": "30003",
      "GroupSize": 2,
      "AvgRating": 4.6,
      "NumRating": 1157,
      "OrderCount": 42124,
      "NumCustomer": 20242,
      "DisplayRank": 0,
      "UnitPrice": 0,
      "Keywords": "female feminine hygiene leak proof dry quick absorb woman women extra large womenday wisper wishperotc products household supplies",
      "Strength": "Pack Of 6",
      "ProductShortDescription": "",
      "Salts": {},
      "MfgGroup": "Procter & Gamble Hygiene and Health Care Limited",
      "EncodeProdId": "cqv6be",
      "CustDiscPercent": 10,
      "CustOfferPrice": 37.66,
      "PTR": 0,
      "PTRDiscPercent": 0,
      "SchemeFreeBaseQty": 0,
      "OfferCategoryId": 0,
      "OfferCategory": "",
      "OfferTitle": "",
      "OfferImage": "",
      "ApplyPincodeWiseDiscount": false,
      "IsPurchased": 0,
      "DisplayFactor": 1,
      "SKUOrderCount": 33694,
      "MaxSKUOrderCount": 0,
      "PKLotId": "1003311749",
      "SchemeFreeBaseQtyOfferText": "",
      "CustomScoreManipulator": 9540,
      "RecentOrderCount": 4953,
      "RecentProductCount": 10341,
      "RecentCustCount": 3432,
      "RefProductId": null,
      "RouteId": 0,
      "BrandImage": "1499229661_whisper.jpg",
      "PrimaryDisease": "",
      "CustHighDisc": 0,
      "OfferPrice": 37.66,
      "DiscountPercent": 10,
      "MinQty": 1,
      "IsOutOfStock": "N",
      "IsCourierable": 1,
      "MRP": 42,
      "ExpiryDate": "2024-01-31T00:00:00.000Z",
      "LastMRP": 42,
      "score": 1
    },
    {
      "ProductName": "Eno Lemon Powder",
      "Brand": "Glaxosmithkline Asia Pvt. Ltd.",
      "DosageForm": "acidity & gas",
      "PrescriptionOTC": "O",
      "InteractiveModule": null,
      "InteractiveSubModule": "",
      "DeliveryDelayedDay": 30,
      "ProductId": "9023",
      "DisplayName": "Eno Lemon Powder 5 g",
      "ProductAliasName": "Eno Lemon Powder 5 g",
      "ProductImage": "Eno-Lemon-Powder-1593597129-10009185-1.jpg",
      "IsNew": 1,
      "HasOffer": "N",
      "IsGiftableProduct": 0,
      "IsCustomizable": 0,
      "IsFeatured": 0,
      "DosageRestriction": 0,
      "DosageAlert": 0,
      "Active": 1,
      "ProductStatus": "C",
      "IsRedeemable": 0,
      "DosageFormDisplaySeq": null,
      "DocumentId": "9023",
      "GroupSize": 1,
      "AvgRating": 4.6,
      "NumRating": 779,
      "OrderCount": 33485,
      "NumCustomer": 18515,
      "DisplayRank": 99,
      "UnitPrice": 170.2,
      "Keywords": "indigestion gas  antacid digestion acedity indigetion antacedotc products household supplies",
      "Strength": "5 g",
      "ProductShortDescription": "",
      "Salts": {},
      "MfgGroup": "GlaxoSmithKline Asia Pvt. Ltd.",
      "EncodeProdId": "rxf4mf",
      "CustDiscPercent": 5,
      "CustOfferPrice": 8.51,
      "PTR": 0,
      "PTRDiscPercent": 0,
      "SchemeFreeBaseQty": 0,
      "OfferCategoryId": 0,
      "OfferCategory": "",
      "OfferTitle": "",
      "OfferImage": "",
      "ApplyPincodeWiseDiscount": false,
      "IsPurchased": 0,
      "DisplayFactor": 1,
      "SKUOrderCount": 33485,
      "MaxSKUOrderCount": 0,
      "PKLotId": "1003158563",
      "SchemeFreeBaseQtyOfferText": "",
      "CustomScoreManipulator": 13481,
      "RecentOrderCount": 5735,
      "RecentProductCount": 32952,
      "RecentCustCount": 4307,
      "RefProductId": null,
      "RouteId": 0,
      "BrandImage": "1499234734_eno.jpg",
      "PrimaryDisease": "liver related",
      "CustHighDisc": 0,
      "OfferPrice": 8.51,
      "DiscountPercent": 5,
      "MinQty": 1,
      "IsOutOfStock": "N",
      "IsCourierable": 1,
      "MRP": 9,
      "ExpiryDate": "2023-12-31T00:00:00.000Z",
      "LastMRP": 9,
      "score": 1
    },
    {
      "ProductName": "Polycrol Xpress Relief (Sugar free) Gel",
      "Brand": "Piramal Enterprises Limited",
      "DosageForm": "gel",
      "PrescriptionOTC": "M",
      "InteractiveModule": null,
      "InteractiveSubModule": "",
      "DeliveryDelayedDay": 0,
      "ProductId": "730",
      "DisplayName": "Polycrol Xpress Relief (Sugar free) Gel 450 ml",
      "ProductAliasName": "Polycrol Xpress Relief (Sugar free) Gel 450 ml",
      "ProductImage": "Polycrol-Xpress-Relief-Sugar-free-1645616640-10000648-1.jpg",
      "IsNew": 1,
      "HasOffer": "Y",
      "IsGiftableProduct": 0,
      "IsCustomizable": 0,
      "IsFeatured": 0,
      "DosageRestriction": 0,
      "DosageAlert": 0,
      "Active": 1,
      "ProductStatus": "C",
      "IsRedeemable": 0,
      "DosageFormDisplaySeq": null,
      "DocumentId": "730",
      "GroupSize": 2,
      "AvgRating": 0,
      "NumRating": 64,
      "OrderCount": 39931,
      "NumCustomer": 16316,
      "DisplayRank": 99,
      "UnitPrice": 37.82666666666666,
      "Keywords": "indigestion gastric gastro sugarfree policrol polykrol poly-crolotc products household supplies",
      "Strength": "450 ml",
      "ProductShortDescription": "",
      "Salts": {
        "NameSearch": "activated dimethicone + aluminium hydroxide + magnesium hydroxide + sorbitol",
        "SaltStrengthRaw": "Activated Dimethicone + Magnesium Hydroxide + Aluminium Hydroxide + Sorbitol",
        "SaltStrength": "ACTIVATEDDIMETHICONEALUMINIUMHYDROXIDEMAGNESIUMHYDROXIDESORBITOL",
        "Id": "6169",
        "Code": "SN05163",
        "Name": "Activated Dimethicone + Aluminium Hydroxide + Magnesium Hydroxide + Sorbitol"
      },
      "MfgGroup": "Piramal Enterprises Limited",
      "EncodeProdId": "f4x78x",
      "CustDiscPercent": 10,
      "CustOfferPrice": 170.22,
      "PTR": 0,
      "PTRDiscPercent": 0,
      "SchemeFreeBaseQty": 0,
      "OfferCategoryId": 10,
      "OfferCategory": "Curated Brands For You",
      "OfferTitle": "Top Brands",
      "OfferImage": "",
      "ApplyPincodeWiseDiscount": false,
      "IsPurchased": 0,
      "DisplayFactor": 1,
      "SKUOrderCount": 32591,
      "MaxSKUOrderCount": 0,
      "PKLotId": "1003259505",
      "SchemeFreeBaseQtyOfferText": "",
      "CustomScoreManipulator": 9368,
      "RecentOrderCount": 6192,
      "RecentProductCount": 6930,
      "RecentCustCount": 3636,
      "RefProductId": null,
      "RouteId": 0,
      "BrandImage": "",
      "PrimaryDisease": "liver related",
      "CustHighDisc": 0,
      "OfferPrice": 170.22,
      "DiscountPercent": 10,
      "MinQty": 1,
      "IsOutOfStock": "N",
      "IsCourierable": 1,
      "MRP": 190,
      "ExpiryDate": "2024-12-31T00:00:00.000Z",
      "LastMRP": 190,
      "score": 1
    },
    {
      "ProductName": "Savlon Surface Disinfectant Spray Fresh",
      "Brand": "Itc Limited",
      "DosageForm": "surface disinfectant spray",
      "PrescriptionOTC": "O",
      "InteractiveModule": null,
      "InteractiveSubModule": "",
      "DeliveryDelayedDay": 0,
      "ProductId": "98035",
      "DisplayName": "Savlon Surface Disinfectant Spray Fresh 170 g",
      "ProductAliasName": "Savlon Surface Disinfectant Spray Fresh 170 g",
      "ProductImage": "Savlon-Surface-Disinfectant-Spray-Fresh-1600077105-10073065-1.jpg",
      "IsNew": 1,
      "HasOffer": "Y",
      "IsGiftableProduct": 0,
      "IsCustomizable": 0,
      "IsFeatured": 0,
      "DosageRestriction": 0,
      "DosageAlert": 0,
      "Active": 1,
      "ProductStatus": "C",
      "IsRedeemable": 0,
      "DosageFormDisplaySeq": null,
      "DocumentId": "98035",
      "GroupSize": 2,
      "AvgRating": 4.6,
      "NumRating": 1234,
      "OrderCount": 32346,
      "NumCustomer": 19037,
      "DisplayRank": 99,
      "UnitPrice": 89.29411764705884,
      "Keywords": "savlon surface disinfectant spray fresh 70 gotc products household supplies",
      "Strength": "170 g",
      "ProductShortDescription": "",
      "Salts": {},
      "MfgGroup": "ITC Limited",
      "EncodeProdId": "8fhbmn",
      "CustDiscPercent": 8,
      "CustOfferPrice": 151.8,
      "PTR": 0,
      "PTRDiscPercent": 0,
      "SchemeFreeBaseQty": 0,
      "OfferCategoryId": 10,
      "OfferCategory": "Curated Brands For You",
      "OfferTitle": "Top Brands",
      "OfferImage": "",
      "ApplyPincodeWiseDiscount": false,
      "IsPurchased": 0,
      "DisplayFactor": 1,
      "SKUOrderCount": 32295,
      "MaxSKUOrderCount": 0,
      "PKLotId": "1003166775",
      "SchemeFreeBaseQtyOfferText": "",
      "CustomScoreManipulator": 15715,
      "RecentOrderCount": 12376,
      "RecentProductCount": 22680,
      "RecentCustCount": 8962,
      "RefProductId": null,
      "RouteId": 0,
      "BrandImage": "1499235245_savlon.jpg",
      "PrimaryDisease": "",
      "CustHighDisc": 0,
      "OfferPrice": 151.8,
      "DiscountPercent": 8,
      "MinQty": 1,
      "IsOutOfStock": "N",
      "IsCourierable": 1,
      "MRP": 165,
      "ExpiryDate": "2023-12-31T00:00:00.000Z",
      "LastMRP": 165,
      "score": 1
    },
    {
      "ProductName": "Novofine Pen Needle",
      "Brand": "Abbott India Limited (novo Nordisk)",
      "DosageForm": "needle",
      "PrescriptionOTC": "M",
      "InteractiveModule": null,
      "InteractiveSubModule": "",
      "DeliveryDelayedDay": 0,
      "ProductId": "2684",
      "DisplayName": "Novofine Pen Needle 31 G",
      "ProductAliasName": "Novofine Pen Needle 31 G",
      "ProductImage": "novofine-pen-needle-1406055811-10002669.jpg",
      "IsNew": 1,
      "HasOffer": "N",
      "IsGiftableProduct": 0,
      "IsCustomizable": 0,
      "IsFeatured": 0,
      "DosageRestriction": 0,
      "DosageAlert": 0,
      "Active": 1,
      "ProductStatus": "C",
      "IsRedeemable": 0,
      "DosageFormDisplaySeq": null,
      "DocumentId": "2684",
      "GroupSize": 1,
      "AvgRating": 0,
      "NumRating": 12,
      "OrderCount": 31057,
      "NumCustomer": 7633,
      "DisplayRank": 99,
      "UnitPrice": 49.83870967741935,
      "Keywords": "injection insulin diabetes  nidle nedle needelotc products household supplies",
      "Strength": "31 G",
      "ProductShortDescription": "",
      "Salts": {
        "NameSearch": "pen needle",
        "SaltStrengthRaw": "",
        "SaltStrength": "PENNEEDLE31G",
        "Id": "1381",
        "Code": "SN01711",
        "Name": "Pen Needle"
      },
      "MfgGroup": "ABBOTT INDIA LIMITED (NOVO NORDISK)",
      "EncodeProdId": "ampx4y",
      "CustDiscPercent": 6,
      "CustOfferPrice": 15.45,
      "PTR": 0,
      "PTRDiscPercent": 0,
      "SchemeFreeBaseQty": 0,
      "OfferCategoryId": 0,
      "OfferCategory": "",
      "OfferTitle": "",
      "OfferImage": "",
      "ApplyPincodeWiseDiscount": false,
      "IsPurchased": 0,
      "DisplayFactor": 1,
      "SKUOrderCount": 31057,
      "MaxSKUOrderCount": 0,
      "PKLotId": "1002975229",
      "SchemeFreeBaseQtyOfferText": "",
      "CustomScoreManipulator": 10558,
      "RecentOrderCount": 3454,
      "RecentProductCount": 27711,
      "RecentCustCount": 1524,
      "RefProductId": null,
      "RouteId": 0,
      "BrandImage": "",
      "PrimaryDisease": "diabetes type 2",
      "CustHighDisc": 0,
      "OfferPrice": 15.45,
      "DiscountPercent": 6,
      "MinQty": 1,
      "IsOutOfStock": "N",
      "IsCourierable": 1,
      "MRP": 16.61,
      "ExpiryDate": "2026-03-31T00:00:00.000Z",
      "LastMRP": 16.61,
      "score": 1
    },
    {
      "ProductName": "Dettol Antiseptic Liquid",
      "Brand": "Reckitt Benckiser (india) Pvt. Ltd. (k)",
      "DosageForm": "antiseptic & disinfectant",
      "PrescriptionOTC": "O",
      "InteractiveModule": null,
      "InteractiveSubModule": "",
      "DeliveryDelayedDay": 0,
      "ProductId": "3867",
      "DisplayName": "Dettol Antiseptic Liquid 60 ml",
      "ProductAliasName": "Dettol Antiseptic Liquid 60 ml",
      "ProductImage": "Dettol-Antiseptic-Liquid-1629694564-10004379-1.jpg",
      "IsNew": 1,
      "HasOffer": "N",
      "IsGiftableProduct": 0,
      "IsCustomizable": 0,
      "IsFeatured": 0,
      "DosageRestriction": 4,
      "DosageAlert": 0,
      "Active": 1,
      "ProductStatus": "C",
      "IsRedeemable": 0,
      "DosageFormDisplaySeq": 36,
      "DocumentId": "3867",
      "GroupSize": 5,
      "AvgRating": 4.7,
      "NumRating": 6815,
      "OrderCount": 178491,
      "NumCustomer": 120962,
      "DisplayRank": 0,
      "UnitPrice": 45.38333333333334,
      "Keywords": "infection cut scratch insect bites antiseptic-&-disinfectant antiseptic-liquid detolotc products household supplies",
      "Strength": "60 ml",
      "ProductShortDescription": "",
      "Salts": {},
      "MfgGroup": "Reckitt Benckiser (India) Pvt. Ltd. (K)",
      "EncodeProdId": "z5tjsw",
      "CustDiscPercent": 10,
      "CustOfferPrice": 27.23,
      "PTR": 0,
      "PTRDiscPercent": 0,
      "SchemeFreeBaseQty": 0,
      "OfferCategoryId": 0,
      "OfferCategory": "",
      "OfferTitle": "",
      "OfferImage": "",
      "ApplyPincodeWiseDiscount": false,
      "IsPurchased": 0,
      "DisplayFactor": 1,
      "SKUOrderCount": 30649,
      "MaxSKUOrderCount": 0,
      "PKLotId": "1002509595",
      "SchemeFreeBaseQtyOfferText": "",
      "CustomScoreManipulator": 9275,
      "RecentOrderCount": 4756,
      "RecentProductCount": 10527,
      "RecentCustCount": 4096,
      "RefProductId": null,
      "RouteId": 0,
      "BrandImage": "1499230939_dettol.jpg",
      "PrimaryDisease": "",
      "CustHighDisc": 0,
      "OfferPrice": 27.23,
      "DiscountPercent": 10,
      "MinQty": 1,
      "IsOutOfStock": "N",
      "IsCourierable": 1,
      "MRP": 30.25,
      "ExpiryDate": "2023-04-30T00:00:00.000Z",
      "LastMRP": 30.25,
      "score": 1
    },
    {
      "ProductName": "Accu Chek Active Test Strip",
      "Brand": "Roche Diabetes Care India Pvt Ltd",
      "DosageForm": "testing strip",
      "PrescriptionOTC": "M",
      "InteractiveModule": null,
      "InteractiveSubModule": "",
      "DeliveryDelayedDay": 0,
      "ProductId": "4919",
      "DisplayName": "Accu Chek Active Test Strip Pack Of 50",
      "ProductAliasName": "Accu Chek Active Test Strip Pack Of 50",
      "ProductImage": "Accu-Chek-Active-Test-Strip-1587982768-10005259-1.jpg",
      "IsNew": 1,
      "HasOffer": "Y",
      "IsGiftableProduct": 0,
      "IsCustomizable": 0,
      "IsFeatured": 0,
      "DosageRestriction": 0,
      "DosageAlert": 0,
      "Active": 1,
      "ProductStatus": "C",
      "IsRedeemable": 0,
      "DosageFormDisplaySeq": null,
      "DocumentId": "4919",
      "GroupSize": 4,
      "AvgRating": 0,
      "NumRating": 105,
      "OrderCount": 41577,
      "NumCustomer": 21930,
      "DisplayRank": 99,
      "UnitPrice": 0,
      "Keywords": "diabetic diabetes-monitor glucometer-strips acucheckotc products household supplies",
      "Strength": "Pack Of 50",
      "ProductShortDescription": "",
      "Salts": {
        "NameSearch": "test strips",
        "SaltStrengthRaw": "",
        "SaltStrength": "TESTSTRIPSPACKOF50",
        "Id": "3228",
        "Code": "SN02764",
        "Name": "Test Strips"
      },
      "MfgGroup": "Roche Diabetes Care India Pvt Ltd",
      "EncodeProdId": "2ymgt2",
      "CustDiscPercent": 12,
      "CustOfferPrice": 850.79,
      "PTR": 0,
      "PTRDiscPercent": 0,
      "SchemeFreeBaseQty": 0,
      "OfferCategoryId": 8,
      "OfferCategory": "Best Prices On Top Sellers",
      "OfferTitle": "Best Sellers",
      "OfferImage": "",
      "ApplyPincodeWiseDiscount": false,
      "IsPurchased": 0,
      "DisplayFactor": 1,
      "SKUOrderCount": 29611,
      "MaxSKUOrderCount": 0,
      "PKLotId": "1003142228",
      "SchemeFreeBaseQtyOfferText": "",
      "CustomScoreManipulator": 6935,
      "RecentOrderCount": 3141,
      "RecentProductCount": 3192,
      "RecentCustCount": 2614,
      "RefProductId": null,
      "RouteId": 0,
      "BrandImage": "Accu-Chek.jpg",
      "PrimaryDisease": "diabetes type 2",
      "CustHighDisc": 0,
      "OfferPrice": 850.79,
      "DiscountPercent": 12,
      "MinQty": 1,
      "IsOutOfStock": "N",
      "IsCourierable": 1,
      "MRP": 975,
      "ExpiryDate": "2023-03-31T00:00:00.000Z",
      "LastMRP": 975,
      "score": 1
    },
    {
      "ProductName": "Festal N",
      "Brand": "Sanofi India Limited.(guj)",
      "DosageForm": "tablet.",
      "PrescriptionOTC": "P",
      "InteractiveModule": "",
      "InteractiveSubModule": "",
      "DeliveryDelayedDay": 0,
      "ProductId": "553",
      "DisplayName": "Festal N 10 Tablets",
      "ProductAliasName": "Festal N 10 Tablets",
      "ProductImage": "Festal-N-1564395897-10000947-1.jpg",
      "IsNew": 1,
      "HasOffer": "N",
      "IsGiftableProduct": 0,
      "IsCustomizable": 0,
      "IsFeatured": 0,
      "DosageRestriction": 0,
      "DosageAlert": 0,
      "Active": 1,
      "ProductStatus": "C",
      "IsRedeemable": 0,
      "DosageFormDisplaySeq": null,
      "DocumentId": "553",
      "GroupSize": 1,
      "AvgRating": 0,
      "NumRating": 16,
      "OrderCount": 29137,
      "NumCustomer": 8101,
      "DisplayRank": 99,
      "UnitPrice": 0,
      "Keywords": "gastro-intestinal-disorder medicine",
      "Strength": "10 Tablets",
      "ProductShortDescription": "",
      "Salts": {
        "NameSearch": "pancreatin",
        "SaltStrengthRaw": "Pancreatin 212.5mg Equivalent To Amylase Activity 4500 Fip Units + Lipase Activity 6000 Fip Units + Protease Activity 300 Fip Units",
        "SaltStrength": "LIPASEACTIVITY6000FIPUNITSPANCREATIN212.5MGEQUIVALENTTOAMYLASEACTIVITY4500FIPUNITSPROTEASEACTIVITY300FIPUNITS",
        "Id": "961",
        "Code": "SN01267",
        "Name": "Pancreatin"
      },
      "MfgGroup": "Sanofi India Limited.(Guj)",
      "EncodeProdId": "33v8ru",
      "CustDiscPercent": 18,
      "CustOfferPrice": 101.46,
      "PTR": 0,
      "PTRDiscPercent": 0,
      "SchemeFreeBaseQty": 0,
      "OfferCategoryId": 0,
      "OfferCategory": "",
      "OfferTitle": "",
      "OfferImage": "",
      "ApplyPincodeWiseDiscount": false,
      "IsPurchased": 0,
      "DisplayFactor": 1,
      "SKUOrderCount": 29137,
      "MaxSKUOrderCount": 0,
      "PKLotId": "1003221633",
      "SchemeFreeBaseQtyOfferText": "",
      "CustomScoreManipulator": 7289,
      "RecentOrderCount": 3364,
      "RecentProductCount": 7900,
      "RecentCustCount": 1587,
      "RefProductId": null,
      "RouteId": 1,
      "BrandImage": null,
      "PrimaryDisease": "",
      "CustHighDisc": 0,
      "OfferPrice": 101.46,
      "DiscountPercent": 18,
      "MinQty": 1,
      "IsOutOfStock": "N",
      "IsCourierable": 1,
      "MRP": 123.73,
      "ExpiryDate": "2024-04-30T00:00:00.000Z",
      "LastMRP": 123.73,
      "score": 1
    },
    {
      "ProductName": "RA Thermoseal Paste",
      "Brand": "Icpa Health Products Ltd.(g)",
      "DosageForm": "toothpaste",
      "PrescriptionOTC": "M",
      "InteractiveModule": null,
      "InteractiveSubModule": "",
      "DeliveryDelayedDay": 0,
      "ProductId": "3523",
      "DisplayName": "RA Thermoseal Paste 100 g",
      "ProductAliasName": "RA Thermoseal Paste 100 g",
      "ProductImage": "RA-Thermoseal-Paste-1633339040-10004035-1.jpg",
      "IsNew": 1,
      "HasOffer": "N",
      "IsGiftableProduct": 0,
      "IsCustomizable": 0,
      "IsFeatured": 0,
      "DosageRestriction": 0,
      "DosageAlert": 0,
      "Active": 1,
      "ProductStatus": "C",
      "IsRedeemable": 0,
      "DosageFormDisplaySeq": null,
      "DocumentId": "3522",
      "GroupSize": 2,
      "AvgRating": 0,
      "NumRating": 52,
      "OrderCount": 30259,
      "NumCustomer": 10565,
      "DisplayRank": 99,
      "UnitPrice": 99.27,
      "Keywords": "teeth germ dental  gum mouth odour tooth pasteotc products household supplies",
      "Strength": "100 g",
      "ProductShortDescription": "",
      "Salts": {
        "NameSearch": "dental care",
        "SaltStrengthRaw": "Potassium Nitrate Bp 5% W/w + Sodium Monofluorophosphate Usp 0.7% W/w",
        "SaltStrength": "POTASSIUMNITRATEBP5WWSODIUMMONOFLUOROPHOSPHATEUSP0.7WW",
        "Id": "2928",
        "Code": "SN02647",
        "Name": "Dental Care"
      },
      "MfgGroup": "Icpa Health Products Ltd.(G)",
      "EncodeProdId": "qzat4t",
      "CustDiscPercent": 14,
      "CustOfferPrice": 99.27,
      "PTR": 0,
      "PTRDiscPercent": 0,
      "SchemeFreeBaseQty": 0,
      "OfferCategoryId": 0,
      "OfferCategory": "",
      "OfferTitle": "",
      "OfferImage": "",
      "ApplyPincodeWiseDiscount": false,
      "IsPurchased": 0,
      "DisplayFactor": 1,
      "SKUOrderCount": 27510,
      "MaxSKUOrderCount": 0,
      "PKLotId": "1003122417",
      "SchemeFreeBaseQtyOfferText": "",
      "CustomScoreManipulator": 7113,
      "RecentOrderCount": 4021,
      "RecentProductCount": 5188,
      "RecentCustCount": 2288,
      "RefProductId": null,
      "RouteId": 7,
      "BrandImage": "1499246071_ra.jpg",
      "PrimaryDisease": "",
      "CustHighDisc": 0,
      "OfferPrice": 99.27,
      "DiscountPercent": 14,
      "MinQty": 1,
      "IsOutOfStock": "N",
      "IsCourierable": 1,
      "MRP": 115.5,
      "ExpiryDate": "2024-11-30T00:00:00.000Z",
      "LastMRP": 115.5,
      "score": 1
    },
    {
      "ProductName": "Betadine",
      "Brand": "Win-medicare Pvt. Ltd.",
      "DosageForm": "gargle",
      "PrescriptionOTC": "M",
      "InteractiveModule": null,
      "InteractiveSubModule": "",
      "DeliveryDelayedDay": 0,
      "ProductId": "10979",
      "DisplayName": "Betadine Gargle 100 ml",
      "ProductAliasName": "Betadine Gargle 100 ml",
      "ProductImage": "Betadine-1593071000-10010903-1.jpg",
      "IsNew": 1,
      "HasOffer": "N",
      "IsGiftableProduct": 0,
      "IsCustomizable": 0,
      "IsFeatured": 0,
      "DosageRestriction": 0,
      "DosageAlert": 0,
      "Active": 1,
      "ProductStatus": "C",
      "IsRedeemable": 0,
      "DosageFormDisplaySeq": null,
      "DocumentId": "10979",
      "GroupSize": 1,
      "AvgRating": 0,
      "NumRating": 74,
      "OrderCount": 34804,
      "NumCustomer": 21844,
      "DisplayRank": 99,
      "UnitPrice": 197.5,
      "Keywords": "mouth-&-throat-infectionotc products household supplies",
      "Strength": "Gargle 100 ml",
      "ProductShortDescription": "",
      "Salts": {
        "NameSearch": "povidone iodine",
        "SaltStrengthRaw": "Ethanol 8.38% V/v + Povidone -iodine 2% W/v (available Iodine 0.2% W/v)",
        "SaltStrength": "ETHANOL8.38VVPOVIDONEIODINE2WVAVAILABLEIODINE0.2WV",
        "Id": "2831",
        "Code": "SN2589",
        "Name": "Povidone Iodine"
      },
      "MfgGroup": "Win-Medicare Pvt. Ltd.",
      "EncodeProdId": "8q6qr5",
      "CustDiscPercent": 14,
      "CustOfferPrice": 197.5,
      "PTR": 0,
      "PTRDiscPercent": 0,
      "SchemeFreeBaseQty": 0,
      "OfferCategoryId": 0,
      "OfferCategory": "",
      "OfferTitle": "",
      "OfferImage": "",
      "ApplyPincodeWiseDiscount": false,
      "IsPurchased": 0,
      "DisplayFactor": 1,
      "SKUOrderCount": 26906,
      "MaxSKUOrderCount": 0,
      "PKLotId": "1003073306",
      "SchemeFreeBaseQtyOfferText": "",
      "CustomScoreManipulator": 12083,
      "RecentOrderCount": 9804,
      "RecentProductCount": 13905,
      "RecentCustCount": 7226,
      "RefProductId": null,
      "RouteId": 1,
      "BrandImage": "",
      "PrimaryDisease": "",
      "CustHighDisc": 0,
      "OfferPrice": 197.5,
      "DiscountPercent": 14,
      "MinQty": 1,
      "IsOutOfStock": "N",
      "IsCourierable": 1,
      "MRP": 230,
      "ExpiryDate": "2022-11-30T00:00:00.000Z",
      "LastMRP": 230,
      "score": 1
    },
    {
      "ProductName": "Carminozyme Syrup",
      "Brand": "Jupiter Pharamaceuticals Ltd.",
      "DosageForm": "syrup",
      "PrescriptionOTC": "M",
      "InteractiveModule": null,
      "InteractiveSubModule": "",
      "DeliveryDelayedDay": 30,
      "ProductId": "2538",
      "DisplayName": "Carminozyme Syrup 450 ml",
      "ProductAliasName": "Carminozyme Syrup 450 ml",
      "ProductImage": "Carminozyme-Syp-1635411949-10002563-1.jpg",
      "IsNew": 1,
      "HasOffer": "Y",
      "IsGiftableProduct": 0,
      "IsCustomizable": 0,
      "IsFeatured": 0,
      "DosageRestriction": 0,
      "DosageAlert": 0,
      "Active": 1,
      "ProductStatus": "C",
      "IsRedeemable": 0,
      "DosageFormDisplaySeq": null,
      "DocumentId": "2537",
      "GroupSize": 2,
      "AvgRating": 0,
      "NumRating": 23,
      "OrderCount": 29805,
      "NumCustomer": 9684,
      "DisplayRank": 99,
      "UnitPrice": 33.57111111111111,
      "Keywords": "otc products household supplies",
      "Strength": "450 ml",
      "ProductShortDescription": "",
      "Salts": {
        "NameSearch": "ayurvedic medicine",
        "SaltStrengthRaw": "",
        "SaltStrength": "AYURVEDICMEDICINE450ML",
        "Id": "2927",
        "Code": "SN02646",
        "Name": "Ayurvedic Medicine"
      },
      "MfgGroup": "Jupiter Pharamaceuticals Ltd.",
      "EncodeProdId": "asrd7f",
      "CustDiscPercent": 20,
      "CustOfferPrice": 151.07,
      "PTR": 0,
      "PTRDiscPercent": 0,
      "SchemeFreeBaseQty": 0,
      "OfferCategoryId": 12,
      "OfferCategory": "Better Your Nutrition Game",
      "OfferTitle": "Ayurveda",
      "OfferImage": "",
      "ApplyPincodeWiseDiscount": false,
      "IsPurchased": 0,
      "DisplayFactor": 1,
      "SKUOrderCount": 25523,
      "MaxSKUOrderCount": 0,
      "PKLotId": "1003224975",
      "SchemeFreeBaseQtyOfferText": "",
      "CustomScoreManipulator": 6306,
      "RecentOrderCount": 3491,
      "RecentProductCount": 4449,
      "RecentCustCount": 1681,
      "RefProductId": null,
      "RouteId": 0,
      "BrandImage": "",
      "PrimaryDisease": "",
      "CustHighDisc": 1,
      "OfferPrice": 151.07,
      "DiscountPercent": 20,
      "MinQty": 1,
      "IsOutOfStock": "N",
      "IsCourierable": 1,
      "MRP": 190,
      "ExpiryDate": "2024-11-30T00:00:00.000Z",
      "LastMRP": 190,
      "score": 1
    },
    {
      "ProductName": "Polybion LC (Mango Flv)",
      "Brand": "Procter & Gamble Health Limited",
      "DosageForm": "syrup",
      "PrescriptionOTC": "P",
      "InteractiveModule": "",
      "InteractiveSubModule": "",
      "DeliveryDelayedDay": 0,
      "ProductId": "7669",
      "DisplayName": "Polybion LC (Mango Flv) Syp 250 ml",
      "ProductAliasName": "Polybion LC (Mango Flv) Syp 250 ml",
      "ProductImage": "",
      "IsNew": 1,
      "HasOffer": "N",
      "IsGiftableProduct": 0,
      "IsCustomizable": 0,
      "IsFeatured": 0,
      "DosageRestriction": 0,
      "DosageAlert": 0,
      "Active": 1,
      "ProductStatus": "C",
      "IsRedeemable": 0,
      "DosageFormDisplaySeq": null,
      "DocumentId": "7669",
      "GroupSize": 1,
      "AvgRating": 0,
      "NumRating": 38,
      "OrderCount": 24130,
      "NumCustomer": 11091,
      "DisplayRank": 99,
      "UnitPrice": 57.072,
      "Keywords": "nutritional-&-allied-deficiency medicine",
      "Strength": "Syp 250 ml",
      "ProductShortDescription": "",
      "Salts": {
        "NameSearch": "pyridoxine + nicotinamide + vitamin b12 + lysine",
        "SaltStrengthRaw": "Cyanocobalamin 2mcg/5ml + Lysine Hydrochloride 375mg/5ml + Nicotinamide 15mg/5ml + Pyridoxine Hydrochloride 0.75mg/5ml",
        "SaltStrength": "CYANOCOBALAMIN2MCG5MLLYSINEHYDROCHLORIDE375MG5MLNICOTINAMIDE15MG5MLPYRIDOXINEHYDROCHLORIDE0.75MG5ML",
        "Id": "5546",
        "Code": "SN04604",
        "Name": "Pyridoxine + Nicotinamide + Vitamin B12 + Lysine"
      },
      "MfgGroup": "Procter & Gamble Health Limited",
      "EncodeProdId": "eeakl4",
      "CustDiscPercent": 18,
      "CustOfferPrice": 142.68,
      "PTR": 0,
      "PTRDiscPercent": 0,
      "SchemeFreeBaseQty": 0,
      "OfferCategoryId": 0,
      "OfferCategory": "",
      "OfferTitle": "",
      "OfferImage": "",
      "ApplyPincodeWiseDiscount": false,
      "IsPurchased": 0,
      "DisplayFactor": 1,
      "SKUOrderCount": 24130,
      "MaxSKUOrderCount": 0,
      "PKLotId": "1003225292",
      "SchemeFreeBaseQtyOfferText": "",
      "CustomScoreManipulator": 6924,
      "RecentOrderCount": 4174,
      "RecentProductCount": 6054,
      "RecentCustCount": 2671,
      "RefProductId": null,
      "RouteId": 0,
      "BrandImage": null,
      "PrimaryDisease": "",
      "CustHighDisc": 0,
      "OfferPrice": 142.68,
      "DiscountPercent": 18,
      "MinQty": 1,
      "IsOutOfStock": "N",
      "IsCourierable": 1,
      "MRP": 174,
      "ExpiryDate": "2024-01-31T00:00:00.000Z",
      "LastMRP": 174,
      "score": 1
    },
    {
      "ProductName": "BD Glide Insulin Syringe 31 G (40 IU)",
      "Brand": "Becton Dickinson India Pvt Ltd",
      "DosageForm": "syringe",
      "PrescriptionOTC": "M",
      "InteractiveModule": null,
      "InteractiveSubModule": "",
      "DeliveryDelayedDay": 0,
      "ProductId": "3645",
      "DisplayName": "BD Glide Insulin Syringe 31 G (40 IU) 10 Pcs",
      "ProductAliasName": "BD Glide Insulin Syringe 31 G (40 IU) 10 Pcs",
      "ProductImage": "BD-GLIDE-INSULIN-SYRINGE-1X10-1424180596-10004156.jpg",
      "IsNew": 1,
      "HasOffer": "N",
      "IsGiftableProduct": 0,
      "IsCustomizable": 0,
      "IsFeatured": 0,
      "DosageRestriction": 0,
      "DosageAlert": 0,
      "Active": 1,
      "ProductStatus": "C",
      "IsRedeemable": 0,
      "DosageFormDisplaySeq": null,
      "DocumentId": "3645",
      "GroupSize": 1,
      "AvgRating": 0,
      "NumRating": 37,
      "OrderCount": 24067,
      "NumCustomer": 7307,
      "DisplayRank": 0,
      "UnitPrice": 823.6,
      "Keywords": "injection diabetes diabetic  siringe syrengeotc products household supplies",
      "Strength": "10 Pcs",
      "ProductShortDescription": "",
      "Salts": {
        "NameSearch": "disposable syringes",
        "SaltStrengthRaw": "",
        "SaltStrength": "DISPOSABLESYRINGES10PCS",
        "Id": "2777",
        "Code": "SN02556",
        "Name": "Disposable Syringes"
      },
      "MfgGroup": "BECTON DICKINSON INDIA PVT LTD",
      "EncodeProdId": "63je2p",
      "CustDiscPercent": 12,
      "CustOfferPrice": 82.36,
      "PTR": 0,
      "PTRDiscPercent": 0,
      "SchemeFreeBaseQty": 0,
      "OfferCategoryId": 0,
      "OfferCategory": "",
      "OfferTitle": "",
      "OfferImage": "",
      "ApplyPincodeWiseDiscount": false,
      "IsPurchased": 0,
      "DisplayFactor": 1,
      "SKUOrderCount": 24067,
      "MaxSKUOrderCount": 0,
      "PKLotId": "1003240309",
      "SchemeFreeBaseQtyOfferText": "",
      "CustomScoreManipulator": 5706,
      "RecentOrderCount": 2705,
      "RecentProductCount": 4079,
      "RecentCustCount": 1535,
      "RefProductId": null,
      "RouteId": 0,
      "BrandImage": null,
      "PrimaryDisease": "diabetes type 2",
      "CustHighDisc": 0,
      "OfferPrice": 82.36,
      "DiscountPercent": 12,
      "MinQty": 1,
      "IsOutOfStock": "N",
      "IsCourierable": 1,
      "MRP": 94,
      "ExpiryDate": "2026-09-30T00:00:00.000Z",
      "LastMRP": 94,
      "score": 1
    },
    {
      "ProductName": "Crocin 650 mg",
      "Brand": "Glaxosmithkline Asia Pvt. Ltd.",
      "DosageForm": "tablet.",
      "PrescriptionOTC": "M",
      "InteractiveModule": null,
      "InteractiveSubModule": "",
      "DeliveryDelayedDay": 0,
      "ProductId": "16459",
      "DisplayName": "Crocin 650 mg 15 Tablets",
      "ProductAliasName": "Crocin 650 mg 15 Tablets",
      "ProductImage": "Crocin-650-mg-1636181235-10015831-1.jpg",
      "IsNew": 1,
      "HasOffer": "N",
      "IsGiftableProduct": 0,
      "IsCustomizable": 0,
      "IsFeatured": 0,
      "DosageRestriction": 0,
      "DosageAlert": 0,
      "Active": 1,
      "ProductStatus": "C",
      "IsRedeemable": 0,
      "DosageFormDisplaySeq": null,
      "DocumentId": "3963",
      "GroupSize": 2,
      "AvgRating": 0,
      "NumRating": 34,
      "OrderCount": 24234,
      "NumCustomer": 13553,
      "DisplayRank": 99,
      "UnitPrice": 0,
      "Keywords": "pain cold  crosin crocen crocin 650 mg tablet (10 tab)otc products household supplies",
      "Strength": "15 Tablets",
      "ProductShortDescription": "",
      "Salts": {
        "NameSearch": "paracetamol",
        "SaltStrengthRaw": "",
        "SaltStrength": "PARACETAMOL15TABLETS",
        "Id": "2855",
        "Code": "SN02595",
        "Name": "Paracetamol"
      },
      "MfgGroup": "GlaxoSmithKline Asia Pvt. Ltd.",
      "EncodeProdId": "cjspdf",
      "CustDiscPercent": 18,
      "CustOfferPrice": 25.35,
      "PTR": 0,
      "PTRDiscPercent": 0,
      "SchemeFreeBaseQty": 0,
      "OfferCategoryId": 0,
      "OfferCategory": "",
      "OfferTitle": "",
      "OfferImage": "",
      "ApplyPincodeWiseDiscount": false,
      "IsPurchased": 0,
      "DisplayFactor": 1,
      "SKUOrderCount": 24063,
      "MaxSKUOrderCount": 0,
      "PKLotId": "1003085073",
      "SchemeFreeBaseQtyOfferText": "",
      "CustomScoreManipulator": 7086,
      "RecentOrderCount": 4112,
      "RecentProductCount": 6030,
      "RecentCustCount": 3236,
      "RefProductId": null,
      "RouteId": 1,
      "BrandImage": "1499230467_crocin.jpg",
      "PrimaryDisease": "",
      "CustHighDisc": 0,
      "OfferPrice": 25.35,
      "DiscountPercent": 18,
      "MinQty": 1,
      "IsOutOfStock": "N",
      "IsCourierable": 1,
      "MRP": 30.91,
      "ExpiryDate": "2023-10-31T00:00:00.000Z",
      "LastMRP": 30.91,
      "score": 1
    },
    {
      "ProductName": "Himalaya Liv 52 DS",
      "Brand": "The Himalaya Drug Company",
      "DosageForm": "liver care",
      "PrescriptionOTC": "O",
      "InteractiveModule": null,
      "InteractiveSubModule": "",
      "DeliveryDelayedDay": 30,
      "ProductId": "5552",
      "DisplayName": "Himalaya Liv 52 DS 60 Tablets",
      "ProductAliasName": "Himalaya Liv 52 DS 60 Tablets",
      "ProductImage": "Himalaya-Liv-52-DS-1618817580-10003715-1.jpg",
      "IsNew": 1,
      "HasOffer": "Y",
      "IsGiftableProduct": 0,
      "IsCustomizable": 0,
      "IsFeatured": 0,
      "DosageRestriction": 2,
      "DosageAlert": 0,
      "Active": 1,
      "ProductStatus": "C",
      "IsRedeemable": 0,
      "DosageFormDisplaySeq": null,
      "DocumentId": "5552",
      "GroupSize": 1,
      "AvgRating": 4.6,
      "NumRating": 526,
      "OrderCount": 22953,
      "NumCustomer": 10059,
      "DisplayRank": 99,
      "UnitPrice": 0,
      "Keywords": "jaundice digetion apetite liv52otc products household supplies",
      "Strength": "60 Tablets",
      "ProductShortDescription": "",
      "Salts": {},
      "MfgGroup": "The Himalaya Drug Company",
      "EncodeProdId": "gt8c8t",
      "CustDiscPercent": 14,
      "CustOfferPrice": 144.62,
      "PTR": 0,
      "PTRDiscPercent": 0,
      "SchemeFreeBaseQty": 0,
      "OfferCategoryId": 12,
      "OfferCategory": "Better Your Nutrition Game",
      "OfferTitle": "Ayurveda",
      "OfferImage": "",
      "ApplyPincodeWiseDiscount": false,
      "IsPurchased": 0,
      "DisplayFactor": 1,
      "SKUOrderCount": 22953,
      "MaxSKUOrderCount": 0,
      "PKLotId": "1003291189",
      "SchemeFreeBaseQtyOfferText": "",
      "CustomScoreManipulator": 6412,
      "RecentOrderCount": 3896,
      "RecentProductCount": 4879,
      "RecentCustCount": 2494,
      "RefProductId": null,
      "RouteId": 0,
      "BrandImage": "1495115832_Himalaya.jpg",
      "PrimaryDisease": "liver related",
      "CustHighDisc": 0,
      "OfferPrice": 144.62,
      "DiscountPercent": 14,
      "MinQty": 1,
      "IsOutOfStock": "N",
      "IsCourierable": 1,
      "MRP": 170,
      "ExpiryDate": "2025-01-31T00:00:00.000Z",
      "LastMRP": 170,
      "score": 1
    },
    {
      "ProductName": "Jac Olivol Body Oil",
      "Brand": "Hahnemann's Jac Olivol Group Of Products Llp",
      "DosageForm": "body oil",
      "PrescriptionOTC": "O",
      "InteractiveModule": null,
      "InteractiveSubModule": "",
      "DeliveryDelayedDay": 0,
      "ProductId": "8606",
      "DisplayName": "Jac Olivol Body Oil 500 ml",
      "ProductAliasName": "Jac Olivol Body Oil 500 ml",
      "ProductImage": "Jac-Olivol-Body-Oil-1629200234-10009004-1.jpg",
      "IsNew": 1,
      "HasOffer": "N",
      "IsGiftableProduct": 0,
      "IsCustomizable": 0,
      "IsFeatured": 0,
      "DosageRestriction": 0,
      "DosageAlert": 0,
      "Active": 1,
      "ProductStatus": "C",
      "IsRedeemable": 0,
      "DosageFormDisplaySeq": null,
      "DocumentId": "3616",
      "GroupSize": 4,
      "AvgRating": 4.57,
      "NumRating": 1944,
      "OrderCount": 51573,
      "NumCustomer": 35190,
      "DisplayRank": 99,
      "UnitPrice": 43.066,
      "Keywords": "dry skin rough olive  womenday bodyoil jacoliveotc products household supplies",
      "Strength": "500 ml",
      "ProductShortDescription": "",
      "Salts": {},
      "MfgGroup": "Hahnemann's Jac Olivol Group of Products LLP",
      "EncodeProdId": "gxxzay",
      "CustDiscPercent": 10,
      "CustOfferPrice": 215.33,
      "PTR": 0,
      "PTRDiscPercent": 0,
      "SchemeFreeBaseQty": 0,
      "OfferCategoryId": 0,
      "OfferCategory": "",
      "OfferTitle": "",
      "OfferImage": "",
      "ApplyPincodeWiseDiscount": false,
      "IsPurchased": 0,
      "DisplayFactor": 1,
      "SKUOrderCount": 22458,
      "MaxSKUOrderCount": 0,
      "PKLotId": "1003022429",
      "SchemeFreeBaseQtyOfferText": "",
      "CustomScoreManipulator": 5955,
      "RecentOrderCount": 3243,
      "RecentProductCount": 3486,
      "RecentCustCount": 2651,
      "RefProductId": null,
      "RouteId": 0,
      "BrandImage": "1499246337_jac.jpg",
      "PrimaryDisease": "",
      "CustHighDisc": 0,
      "OfferPrice": 215.33,
      "DiscountPercent": 10,
      "MinQty": 1,
      "IsOutOfStock": "N",
      "IsCourierable": 1,
      "MRP": 240,
      "ExpiryDate": "2024-10-31T00:00:00.000Z",
      "LastMRP": 240,
      "score": 1
    },
    {
      "ProductName": "Revital H",
      "Brand": "Sun Pharmaceutical Ind.ltd.(m)",
      "DosageForm": "supplements",
      "PrescriptionOTC": "O",
      "InteractiveModule": null,
      "InteractiveSubModule": "",
      "DeliveryDelayedDay": 30,
      "ProductId": "2417",
      "DisplayName": "Revital H 30 Capsules",
      "ProductAliasName": "Revital H 30 Capsules",
      "ProductImage": "Revital-H-1610428489-10002439-1.jpg",
      "IsNew": 1,
      "HasOffer": "Y",
      "IsGiftableProduct": 0,
      "IsCustomizable": 0,
      "IsFeatured": 0,
      "DosageRestriction": 10,
      "DosageAlert": 0,
      "Active": 1,
      "ProductStatus": "C",
      "IsRedeemable": 0,
      "DosageFormDisplaySeq": null,
      "DocumentId": "2417",
      "GroupSize": 3,
      "AvgRating": 4.52,
      "NumRating": 911,
      "OrderCount": 36221,
      "NumCustomer": 19016,
      "DisplayRank": 99,
      "UnitPrice": 0,
      "Keywords": "fatigue weakness energiser multivitaminotc products household supplies",
      "Strength": "30 Capsules",
      "ProductShortDescription": "",
      "Salts": {},
      "MfgGroup": "Sun Pharmaceutical Ind.Ltd.(M)",
      "EncodeProdId": "7nxc9b",
      "CustDiscPercent": 16,
      "CustOfferPrice": 259.59,
      "PTR": 0,
      "PTRDiscPercent": 0,
      "SchemeFreeBaseQty": 0,
      "OfferCategoryId": 9,
      "OfferCategory": "Prices Like Never Before",
      "OfferTitle": "Launch Deals",
      "OfferImage": "",
      "ApplyPincodeWiseDiscount": false,
      "IsPurchased": 0,
      "DisplayFactor": 1,
      "SKUOrderCount": 22441,
      "MaxSKUOrderCount": 0,
      "PKLotId": "1003224961",
      "SchemeFreeBaseQtyOfferText": "",
      "CustomScoreManipulator": 5900,
      "RecentOrderCount": 3369,
      "RecentProductCount": 3581,
      "RecentCustCount": 2334,
      "RefProductId": null,
      "RouteId": 0,
      "BrandImage": "1495114611_Revital.jpg",
      "PrimaryDisease": "",
      "CustHighDisc": 0,
      "OfferPrice": 259.59,
      "DiscountPercent": 16,
      "MinQty": 1,
      "IsOutOfStock": "N",
      "IsCourierable": 1,
      "MRP": 310,
      "ExpiryDate": "2023-08-31T00:00:00.000Z",
      "LastMRP": 310,
      "score": 1
    },
    {
      "ProductName": "Cipla ORS Prolyte Orange Flavour Powder",
      "Brand": "Cipla Health Ltd.",
      "DosageForm": "electrolyte",
      "PrescriptionOTC": "M",
      "InteractiveModule": null,
      "InteractiveSubModule": "",
      "DeliveryDelayedDay": 0,
      "ProductId": "10558",
      "DisplayName": "Cipla ORS Prolyte Orange Flavour Powder 21 g",
      "ProductAliasName": "Cipla ORS Prolyte Orange Flavour Powder 21 g",
      "ProductImage": "Ors-Cipla-1592203882-10007515-1.jpg",
      "IsNew": 1,
      "HasOffer": "N",
      "IsGiftableProduct": 0,
      "IsCustomizable": 0,
      "IsFeatured": 0,
      "DosageRestriction": 0,
      "DosageAlert": 0,
      "Active": 1,
      "ProductStatus": "C",
      "IsRedeemable": 0,
      "DosageFormDisplaySeq": null,
      "DocumentId": "10558",
      "GroupSize": 1,
      "AvgRating": 0,
      "NumRating": 97,
      "OrderCount": 20751,
      "NumCustomer": 12521,
      "DisplayRank": 99,
      "UnitPrice": 43.904761904761905,
      "Keywords": "diarrhoeaotc products household supplies",
      "Strength": "21 g",
      "ProductShortDescription": "",
      "Salts": {
        "NameSearch": "oral rehydration salts",
        "SaltStrengthRaw": "Oral Rehydration Salt (ors)",
        "SaltStrength": "ORALREHYDRATIONSALTORS",
        "Id": "729",
        "Code": "SN00802",
        "Name": "Oral Rehydration Salts"
      },
      "MfgGroup": "Cipla Health Ltd.",
      "EncodeProdId": "n52fvp",
      "CustDiscPercent": 52,
      "CustOfferPrice": 9.22,
      "PTR": 0,
      "PTRDiscPercent": 0,
      "SchemeFreeBaseQty": 0,
      "OfferCategoryId": 0,
      "OfferCategory": "",
      "OfferTitle": "",
      "OfferImage": "",
      "ApplyPincodeWiseDiscount": false,
      "IsPurchased": 0,
      "DisplayFactor": 1,
      "SKUOrderCount": 20751,
      "MaxSKUOrderCount": 0,
      "PKLotId": "1003289815",
      "SchemeFreeBaseQtyOfferText": "",
      "CustomScoreManipulator": 21712,
      "RecentOrderCount": 10120,
      "RecentProductCount": 84290,
      "RecentCustCount": 6894,
      "RefProductId": null,
      "RouteId": 1,
      "BrandImage": null,
      "PrimaryDisease": "",
      "CustHighDisc": 1,
      "OfferPrice": 9.22,
      "DiscountPercent": 52,
      "MinQty": 1,
      "IsOutOfStock": "N",
      "IsCourierable": 1,
      "MRP": 19.53,
      "ExpiryDate": "2024-06-30T00:00:00.000Z",
      "LastMRP": 19.53,
      "score": 1
    },
    {
      "ProductName": "Sat Isabgol Telephone Husk",
      "Brand": "The Sidhpur Sat-isabgol Factory",
      "DosageForm": "constipation & laxatives",
      "PrescriptionOTC": "O",
      "InteractiveModule": null,
      "InteractiveSubModule": "",
      "DeliveryDelayedDay": 30,
      "ProductId": "14872",
      "DisplayName": "Sat Isabgol Telephone Husk 200 g",
      "ProductAliasName": "Sat Isabgol Telephone Husk 200 g",
      "ProductImage": "Sat-Isabgol-Telephone-Husk-1578052149-10014240-1.jpg",
      "IsNew": 1,
      "HasOffer": "Y",
      "IsGiftableProduct": 0,
      "IsCustomizable": 0,
      "IsFeatured": 0,
      "DosageRestriction": 0,
      "DosageAlert": 0,
      "Active": 1,
      "ProductStatus": "C",
      "IsRedeemable": 0,
      "DosageFormDisplaySeq": null,
      "DocumentId": "3591",
      "GroupSize": 2,
      "AvgRating": 4.64,
      "NumRating": 770,
      "OrderCount": 33806,
      "NumCustomer": 14108,
      "DisplayRank": 0,
      "UnitPrice": 99.29,
      "Keywords": "constipation stool softner constepation constipetion  isabgulotc products household supplies",
      "Strength": "200 g",
      "ProductShortDescription": "",
      "Salts": {},
      "MfgGroup": "The Sidhpur Sat-Isabgol Factory",
      "EncodeProdId": "p4tyzl",
      "CustDiscPercent": 3,
      "CustOfferPrice": 198.58,
      "PTR": 0,
      "PTRDiscPercent": 0,
      "SchemeFreeBaseQty": 0,
      "OfferCategoryId": 12,
      "OfferCategory": "Better Your Nutrition Game",
      "OfferTitle": "Ayurveda",
      "OfferImage": "",
      "ApplyPincodeWiseDiscount": false,
      "IsPurchased": 0,
      "DisplayFactor": 1,
      "SKUOrderCount": 20349,
      "MaxSKUOrderCount": 0,
      "PKLotId": "1003232371",
      "SchemeFreeBaseQtyOfferText": "",
      "CustomScoreManipulator": 5284,
      "RecentOrderCount": 2930,
      "RecentProductCount": 4068,
      "RecentCustCount": 1700,
      "RefProductId": null,
      "RouteId": 0,
      "BrandImage": "1499230396_telephone.jpg",
      "PrimaryDisease": "constipation",
      "CustHighDisc": 0,
      "OfferPrice": 198.58,
      "DiscountPercent": 3,
      "MinQty": 1,
      "IsOutOfStock": "N",
      "IsCourierable": 1,
      "MRP": 205,
      "ExpiryDate": "2023-01-31T00:00:00.000Z",
      "LastMRP": 205,
      "score": 1
    },
    {
      "ProductName": "Itone Eye Drop",
      "Brand": "Deys Medical Stores (mfg) Ltd.",
      "DosageForm": "eye drop",
      "PrescriptionOTC": "M",
      "InteractiveModule": null,
      "InteractiveSubModule": "",
      "DeliveryDelayedDay": 30,
      "ProductId": "2395",
      "DisplayName": "Itone Eye Drop 10 ml",
      "ProductAliasName": "Itone Eye Drop 10 ml",
      "ProductImage": "ITONE-1420724001-10002417.jpg",
      "IsNew": 1,
      "HasOffer": "N",
      "IsGiftableProduct": 0,
      "IsCustomizable": 0,
      "IsFeatured": 0,
      "DosageRestriction": 0,
      "DosageAlert": 0,
      "Active": 1,
      "ProductStatus": "C",
      "IsRedeemable": 0,
      "DosageFormDisplaySeq": null,
      "DocumentId": "2395",
      "GroupSize": 1,
      "AvgRating": 0,
      "NumRating": 32,
      "OrderCount": 19858,
      "NumCustomer": 7801,
      "DisplayRank": 99,
      "UnitPrice": 504.4,
      "Keywords": "strain myopia eyetoneotc products household supplies",
      "Strength": "10 ml",
      "ProductShortDescription": "",
      "Salts": {
        "NameSearch": "ayurvedic medicine",
        "SaltStrengthRaw": "Nimba + Sobhanjana + Bhringaraj + \npunarnava + Nirgundi + Tulsi Patra + \nsatapatri + Yamani + Haritaki + Bidhitaka + \ndhatriphala + Haridra + Karpuram + \npudina Satwa + Madhu + Ela + Swet \nchandan + Mukta + Saindhava Laban",
        "SaltStrength": "BHRINGARAJBIDHITAKAELAHARIDRAHARITAKIKARPURAMMADHUMUKTANIMBANIRGUNDISAINDHAVALABANSOBHANJANASWETCHANDANTULSIPATRAYAMANIDHATRIPHALAPUDINASATWAPUNARNAVASATAPATRI",
        "Id": "2927",
        "Code": "SN02646",
        "Name": "Ayurvedic Medicine"
      },
      "MfgGroup": "Deys Medical Stores (Mfg) Ltd.",
      "EncodeProdId": "74hyal",
      "CustDiscPercent": 15,
      "CustOfferPrice": 50.44,
      "PTR": 0,
      "PTRDiscPercent": 0,
      "SchemeFreeBaseQty": 0,
      "OfferCategoryId": 0,
      "OfferCategory": "",
      "OfferTitle": "",
      "OfferImage": "",
      "ApplyPincodeWiseDiscount": false,
      "IsPurchased": 0,
      "DisplayFactor": 1,
      "SKUOrderCount": 19858,
      "MaxSKUOrderCount": 0,
      "PKLotId": "1003083659",
      "SchemeFreeBaseQtyOfferText": "",
      "CustomScoreManipulator": 5369,
      "RecentOrderCount": 3037,
      "RecentProductCount": 4097,
      "RecentCustCount": 2034,
      "RefProductId": null,
      "RouteId": 0,
      "BrandImage": "1499247790_Itone.jpg",
      "PrimaryDisease": "",
      "CustHighDisc": 0,
      "OfferPrice": 50.44,
      "DiscountPercent": 15,
      "MinQty": 1,
      "IsOutOfStock": "N",
      "IsCourierable": 1,
      "MRP": 60,
      "ExpiryDate": "2024-08-31T00:00:00.000Z",
      "LastMRP": 60,
      "score": 1
    },
    {
      "ProductName": "Stayfree Secure Cottony Soft XL Wings Sanitary Pads",
      "Brand": "Johnson & Johnson Private Ltd",
      "DosageForm": "sanitary pads",
      "PrescriptionOTC": "O",
      "InteractiveModule": null,
      "InteractiveSubModule": "",
      "DeliveryDelayedDay": 0,
      "ProductId": "22113",
      "DisplayName": "Stayfree Secure Cottony Soft XL Wings Sanitary Pads Pack Of 20",
      "ProductAliasName": "Stayfree Secure Cottony Soft XL Wings Sanitary Pads Pack Of 20",
      "ProductImage": "Stayfree-Secure-Cottony-Soft-XL-With-Wings-1590480587-10021163-1.jpg",
      "IsNew": 1,
      "HasOffer": "N",
      "IsGiftableProduct": 0,
      "IsCustomizable": 0,
      "IsFeatured": 0,
      "DosageRestriction": 5,
      "DosageAlert": 0,
      "Active": 1,
      "ProductStatus": "C",
      "IsRedeemable": 0,
      "DosageFormDisplaySeq": 37,
      "DocumentId": "22113",
      "GroupSize": 4,
      "AvgRating": 4.51,
      "NumRating": 863,
      "OrderCount": 31068,
      "NumCustomer": 14553,
      "DisplayRank": 99,
      "UnitPrice": 0,
      "Keywords": "female feminine hygiene leak proof dry quick absorb extra large woman women womenday stayfree-xl-dry-cover-wings stay free stayfree secure xl with wings sanitary pads pack of 20otc products household supplies",
      "Strength": "Pack Of 20",
      "ProductShortDescription": "",
      "Salts": {},
      "MfgGroup": "Johnson & Johnson Private Ltd",
      "EncodeProdId": "6jra8r",
      "CustDiscPercent": 6,
      "CustOfferPrice": 111.67,
      "PTR": 0,
      "PTRDiscPercent": 0,
      "SchemeFreeBaseQty": 0,
      "OfferCategoryId": 0,
      "OfferCategory": "",
      "OfferTitle": "",
      "OfferImage": "",
      "ApplyPincodeWiseDiscount": false,
      "IsPurchased": 0,
      "DisplayFactor": 1,
      "SKUOrderCount": 19490,
      "MaxSKUOrderCount": 0,
      "PKLotId": "1003118064",
      "SchemeFreeBaseQtyOfferText": "",
      "CustomScoreManipulator": 5645,
      "RecentOrderCount": 3417,
      "RecentProductCount": 4560,
      "RecentCustCount": 2403,
      "RefProductId": null,
      "RouteId": 0,
      "BrandImage": "1499230741_stayfree.jpg",
      "PrimaryDisease": "",
      "CustHighDisc": 0,
      "OfferPrice": 111.67,
      "DiscountPercent": 6,
      "MinQty": 1,
      "IsOutOfStock": "N",
      "IsCourierable": 1,
      "MRP": 120,
      "ExpiryDate": "2024-12-31T00:00:00.000Z",
      "LastMRP": 120,
      "score": 1
    },
    {
      "ProductName": "Ostocalcium Plus",
      "Brand": "Glaxo Smithkline Pharmaceuticals Limited",
      "DosageForm": "health supplement",
      "PrescriptionOTC": "M",
      "InteractiveModule": null,
      "InteractiveSubModule": "",
      "DeliveryDelayedDay": 0,
      "ProductId": "78963",
      "DisplayName": "Ostocalcium Plus 30 Tablets",
      "ProductAliasName": "Ostocalcium Plus 30 Tablets",
      "ProductImage": "Ostocalcium-Plus-1639559121-10054011-1.jpg",
      "IsNew": 1,
      "HasOffer": "N",
      "IsGiftableProduct": 0,
      "IsCustomizable": 0,
      "IsFeatured": 0,
      "DosageRestriction": 0,
      "DosageAlert": 0,
      "Active": 1,
      "ProductStatus": "C",
      "IsRedeemable": 0,
      "DosageFormDisplaySeq": null,
      "DocumentId": "78963",
      "GroupSize": 1,
      "AvgRating": 0,
      "NumRating": 170,
      "OrderCount": 18422,
      "NumCustomer": 7703,
      "DisplayRank": 99,
      "UnitPrice": 0,
      "Keywords": "otc products household supplies",
      "Strength": "30 Tablets",
      "ProductShortDescription": "",
      "Salts": {
        "NameSearch": "calcium supplement",
        "SaltStrengthRaw": "Cholecalciferol + Tribasic Calcium \nphosphate",
        "SaltStrength": "CHOLECALCIFEROLTRIBASICCALCIUMPHOSPHATE",
        "Id": "3998",
        "Code": "SN03306",
        "Name": "Calcium Supplement"
      },
      "MfgGroup": "Glaxo SmithKline Pharmaceuticals Limited",
      "EncodeProdId": "44ecng",
      "CustDiscPercent": 14,
      "CustOfferPrice": 153.22,
      "PTR": 0,
      "PTRDiscPercent": 0,
      "SchemeFreeBaseQty": 0,
      "OfferCategoryId": 0,
      "OfferCategory": "",
      "OfferTitle": "",
      "OfferImage": "",
      "ApplyPincodeWiseDiscount": false,
      "IsPurchased": 0,
      "DisplayFactor": 1,
      "SKUOrderCount": 18422,
      "MaxSKUOrderCount": 0,
      "PKLotId": "1003239683",
      "SchemeFreeBaseQtyOfferText": "",
      "CustomScoreManipulator": 5891,
      "RecentOrderCount": 4152,
      "RecentProductCount": 5334,
      "RecentCustCount": 2498,
      "RefProductId": null,
      "RouteId": 0,
      "BrandImage": null,
      "PrimaryDisease": "",
      "CustHighDisc": 0,
      "OfferPrice": 153.22,
      "DiscountPercent": 14,
      "MinQty": 1,
      "IsOutOfStock": "N",
      "IsCourierable": 1,
      "MRP": 178.95,
      "ExpiryDate": "2023-03-31T00:00:00.000Z",
      "LastMRP": 178.95,
      "score": 1
    },
    {
      "ProductName": "Sederom",
      "Brand": "Lupin Ltd.(m1)",
      "DosageForm": "tablet.",
      "PrescriptionOTC": "M",
      "InteractiveModule": null,
      "InteractiveSubModule": "",
      "DeliveryDelayedDay": 0,
      "ProductId": "63635",
      "DisplayName": "Sederom 10 Tablets",
      "ProductAliasName": "Sederom 10 Tablets",
      "ProductImage": "Sederom-1624267181-10038638-1.jpg",
      "IsNew": 1,
      "HasOffer": "Y",
      "IsGiftableProduct": 0,
      "IsCustomizable": 0,
      "IsFeatured": 0,
      "DosageRestriction": 0,
      "DosageAlert": 0,
      "Active": 1,
      "ProductStatus": "C",
      "IsRedeemable": 0,
      "DosageFormDisplaySeq": null,
      "DocumentId": "63635",
      "GroupSize": 1,
      "AvgRating": 0,
      "NumRating": 17,
      "OrderCount": 18181,
      "NumCustomer": 4829,
      "DisplayRank": 99,
      "UnitPrice": 0,
      "Keywords": "anaemiaotc products household supplies",
      "Strength": "10 Tablets",
      "ProductShortDescription": "",
      "Salts": {
        "NameSearch": "ferric pyrophosphate + vitamin c + vitamin b12 + curcuma longa + folic acid",
        "SaltStrengthRaw": "Ferric Pyrophosphate Liposomal (eq. To Elemental Iron) 30mg + Folic Acid 200mcg + Curcuma Longa 5mg + Vitamin C 50mg + Vitamin B12 0.75mcg",
        "SaltStrength": "CURCUMALONGA5MGFERRICPYROPHOSPHATELIPOSOMALEQ.TOELEMENTALIRON30MGFOLICACID200MCGVITAMINB120.75MCGVITAMINC50MG",
        "Id": "4611",
        "Code": "SN03786",
        "Name": "Ferric Pyrophosphate + Vitamin C + Vitamin B12 + Curcuma Longa + Folic Acid"
      },
      "MfgGroup": "Lupin Ltd.(M1)",
      "EncodeProdId": "9wmc29",
      "CustDiscPercent": 13,
      "CustOfferPrice": 149.04,
      "PTR": 0,
      "PTRDiscPercent": 0,
      "SchemeFreeBaseQty": 0,
      "OfferCategoryId": 10,
      "OfferCategory": "Curated Brands For You",
      "OfferTitle": "Top Brands",
      "OfferImage": "",
      "ApplyPincodeWiseDiscount": false,
      "IsPurchased": 0,
      "DisplayFactor": 1,
      "SKUOrderCount": 18181,
      "MaxSKUOrderCount": 0,
      "PKLotId": "1003237607",
      "SchemeFreeBaseQtyOfferText": "",
      "CustomScoreManipulator": 6136,
      "RecentOrderCount": 4037,
      "RecentProductCount": 9671,
      "RecentCustCount": 1557,
      "RefProductId": null,
      "RouteId": 0,
      "BrandImage": "1508161631_1499244675_lupin.jpg",
      "PrimaryDisease": "anaemia",
      "CustHighDisc": 0,
      "OfferPrice": 149.04,
      "DiscountPercent": 13,
      "MinQty": 1,
      "IsOutOfStock": "N",
      "IsCourierable": 1,
      "MRP": 173,
      "ExpiryDate": "2023-05-01T00:00:00.000Z",
      "LastMRP": 173,
      "score": 1
    },
    {
      "ProductName": "Abzorb Dusting Powder",
      "Brand": "Sun Pharmaceutical Ind. Ltd.",
      "DosageForm": "powder",
      "PrescriptionOTC": "M",
      "InteractiveModule": null,
      "InteractiveSubModule": "",
      "DeliveryDelayedDay": 30,
      "ProductId": "1031",
      "DisplayName": "Abzorb Dusting Powder 100 g",
      "ProductAliasName": "Abzorb Dusting Powder 100 g",
      "ProductImage": "Abzorb-Dusting-1610428380-10000007-1.jpg",
      "IsNew": 1,
      "HasOffer": "N",
      "IsGiftableProduct": 0,
      "IsCustomizable": 0,
      "IsFeatured": 0,
      "DosageRestriction": 3,
      "DosageAlert": 0,
      "Active": 1,
      "ProductStatus": "C",
      "IsRedeemable": 0,
      "DosageFormDisplaySeq": null,
      "DocumentId": "1031",
      "GroupSize": 2,
      "AvgRating": 0,
      "NumRating": 47,
      "OrderCount": 18409,
      "NumCustomer": 9832,
      "DisplayRank": 99,
      "UnitPrice": 104.86999999999999,
      "Keywords": "candid skin-related-disorder itch-guardotc products household supplies",
      "Strength": "100 g",
      "ProductShortDescription": "",
      "Salts": {
        "NameSearch": "clotrimazole",
        "SaltStrengthRaw": "Dusting Powder",
        "SaltStrength": "DUSTINGPOWDER",
        "Id": "4596",
        "Code": "SN03771",
        "Name": "Clotrimazole"
      },
      "MfgGroup": "Sun Pharmaceutical Ind. Ltd.",
      "EncodeProdId": "efbaqu",
      "CustDiscPercent": 22,
      "CustOfferPrice": 104.87,
      "PTR": 0,
      "PTRDiscPercent": 0,
      "SchemeFreeBaseQty": 0,
      "OfferCategoryId": 0,
      "OfferCategory": "",
      "OfferTitle": "",
      "OfferImage": "",
      "ApplyPincodeWiseDiscount": false,
      "IsPurchased": 0,
      "DisplayFactor": 1,
      "SKUOrderCount": 18104,
      "MaxSKUOrderCount": 0,
      "PKLotId": "1003267518",
      "SchemeFreeBaseQtyOfferText": "",
      "CustomScoreManipulator": 4914,
      "RecentOrderCount": 2722,
      "RecentProductCount": 3420,
      "RecentCustCount": 2092,
      "RefProductId": null,
      "RouteId": 3,
      "BrandImage": "",
      "PrimaryDisease": "",
      "CustHighDisc": 1,
      "OfferPrice": 104.87,
      "DiscountPercent": 22,
      "MinQty": 1,
      "IsOutOfStock": "N",
      "IsCourierable": 1,
      "MRP": 135,
      "ExpiryDate": "2025-08-31T00:00:00.000Z",
      "LastMRP": 135,
      "score": 1
    },
    {
      "ProductName": "Horlicks Classic Malt Powder Refill (Save Rs-30)",
      "Brand": "Hindustan Unilever Ltd.",
      "DosageForm": "health drinks",
      "PrescriptionOTC": "O",
      "InteractiveModule": null,
      "InteractiveSubModule": "",
      "DeliveryDelayedDay": 0,
      "ProductId": "22503",
      "DisplayName": "Horlicks Classic Malt Powder Refill (Save Rs-30) 1 kg",
      "ProductAliasName": "Horlicks Classic Malt Powder Refill (Save Rs-30) 1 kg",
      "ProductImage": "Horlicks-Classic-Malt-Powder-Refill-Save-Rs-30-1601458197-10021553-1.jpg",
      "IsNew": 1,
      "HasOffer": "Y",
      "IsGiftableProduct": 0,
      "IsCustomizable": 0,
      "IsFeatured": 0,
      "DosageRestriction": 3,
      "DosageAlert": 0,
      "Active": 1,
      "ProductStatus": "C",
      "IsRedeemable": 0,
      "DosageFormDisplaySeq": 50,
      "DocumentId": "22503",
      "GroupSize": 1,
      "AvgRating": 4.6,
      "NumRating": 402,
      "OrderCount": 16150,
      "NumCustomer": 9492,
      "DisplayRank": 0,
      "UnitPrice": 43.5,
      "Keywords": "malt offer offers festive free grocery healthdrink horliks horlicsotc products household supplies",
      "Strength": "1 kg",
      "ProductShortDescription": "",
      "Salts": {},
      "MfgGroup": "Hindustan Unilever Ltd.",
      "EncodeProdId": "wr4t4u",
      "CustDiscPercent": 0,
      "CustOfferPrice": 435,
      "PTR": 0,
      "PTRDiscPercent": 0,
      "SchemeFreeBaseQty": 0,
      "OfferCategoryId": 0,
      "OfferCategory": "",
      "OfferTitle": "SAVE RS. 34/-",
      "OfferImage": "100215531.jpg",
      "ApplyPincodeWiseDiscount": false,
      "IsPurchased": 0,
      "DisplayFactor": 1,
      "SKUOrderCount": 16150,
      "MaxSKUOrderCount": 0,
      "PKLotId": "1003240964",
      "SchemeFreeBaseQtyOfferText": "",
      "CustomScoreManipulator": 3844,
      "RecentOrderCount": 1872,
      "RecentProductCount": 1984,
      "RecentCustCount": 1337,
      "RefProductId": null,
      "RouteId": 0,
      "BrandImage": "1499241699_Horlicks.jpg",
      "PrimaryDisease": "",
      "CustHighDisc": 0,
      "OfferPrice": 435,
      "DiscountPercent": 0,
      "MinQty": 1,
      "IsOutOfStock": "N",
      "IsCourierable": 1,
      "MRP": 435,
      "ExpiryDate": "2022-11-30T00:00:00.000Z",
      "LastMRP": 435,
      "score": 1
    },
    {
      "ProductName": "Betadine",
      "Brand": "Win-medicare Pvt. Ltd.",
      "DosageForm": "solution",
      "PrescriptionOTC": "P",
      "InteractiveModule": "",
      "InteractiveSubModule": "",
      "DeliveryDelayedDay": 0,
      "ProductId": "6046",
      "DisplayName": "Betadine Solution 100 ml",
      "ProductAliasName": "Betadine Solution 100 ml",
      "ProductImage": "Betadine-1646717688-10006055-1.jpg",
      "IsNew": 1,
      "HasOffer": "N",
      "IsGiftableProduct": 0,
      "IsCustomizable": 0,
      "IsFeatured": 0,
      "DosageRestriction": 0,
      "DosageAlert": 0,
      "Active": 1,
      "ProductStatus": "C",
      "IsRedeemable": 0,
      "DosageFormDisplaySeq": null,
      "DocumentId": "6046",
      "GroupSize": 1,
      "AvgRating": 0,
      "NumRating": 73,
      "OrderCount": 34635,
      "NumCustomer": 21745,
      "DisplayRank": 99,
      "UnitPrice": 85.41,
      "Keywords": "skin infections cure wound cuts wound-&-infection beta dine medicine",
      "Strength": "Solution 100 ml",
      "ProductShortDescription": "",
      "Salts": {
        "NameSearch": "povidone iodine",
        "SaltStrengthRaw": "Povidone Iodine (available Iodine 1% W/v) 10% W/v",
        "SaltStrength": "POVIDONEIODINEAVAILABLEIODINE1WV10WV",
        "Id": "1783",
        "Code": "SN00435",
        "Name": "Povidone Iodine"
      },
      "MfgGroup": "Win-Medicare Pvt. Ltd.",
      "EncodeProdId": "4r3nq7",
      "CustDiscPercent": 18,
      "CustOfferPrice": 85.41,
      "PTR": 0,
      "PTRDiscPercent": 0,
      "SchemeFreeBaseQty": 0,
      "OfferCategoryId": 0,
      "OfferCategory": "",
      "OfferTitle": "",
      "OfferImage": "",
      "ApplyPincodeWiseDiscount": false,
      "IsPurchased": 0,
      "DisplayFactor": 1,
      "SKUOrderCount": 16009,
      "MaxSKUOrderCount": 0,
      "PKLotId": "1003259662",
      "SchemeFreeBaseQtyOfferText": "",
      "CustomScoreManipulator": 4371,
      "RecentOrderCount": 2471,
      "RecentProductCount": 2916,
      "RecentCustCount": 1905,
      "RefProductId": null,
      "RouteId": 0,
      "BrandImage": null,
      "PrimaryDisease": "wound & infection",
      "CustHighDisc": 0,
      "OfferPrice": 85.41,
      "DiscountPercent": 18,
      "MinQty": 1,
      "IsOutOfStock": "N",
      "IsCourierable": 1,
      "MRP": 104.16,
      "ExpiryDate": "2023-12-31T00:00:00.000Z",
      "LastMRP": 104.16,
      "score": 1
    },
    {
      "ProductName": "Vantej Toothpaste",
      "Brand": "Dr. Reddy's Laboratories Ltd.(t5)",
      "DosageForm": "paste",
      "PrescriptionOTC": "M",
      "InteractiveModule": null,
      "InteractiveSubModule": "",
      "DeliveryDelayedDay": 0,
      "ProductId": "1311",
      "DisplayName": "Vantej Toothpaste 100 g",
      "ProductAliasName": "Vantej Toothpaste 100 g",
      "ProductImage": "Vantej-Tooth-Paste-1639732766-10001307-1.jpg",
      "IsNew": 1,
      "HasOffer": "N",
      "IsGiftableProduct": 0,
      "IsCustomizable": 0,
      "IsFeatured": 0,
      "DosageRestriction": 3,
      "DosageAlert": 0,
      "Active": 1,
      "ProductStatus": "C",
      "IsRedeemable": 0,
      "DosageFormDisplaySeq": null,
      "DocumentId": "1298",
      "GroupSize": 2,
      "AvgRating": 0,
      "NumRating": 26,
      "OrderCount": 17444,
      "NumCustomer": 6809,
      "DisplayRank": 99,
      "UnitPrice": 245.66,
      "Keywords": "mouth-&-dental-hygieneotc products household supplies",
      "Strength": "100 g",
      "ProductShortDescription": "",
      "Salts": {
        "NameSearch": "medicated toothpaste",
        "SaltStrengthRaw": "",
        "SaltStrength": "MEDICATEDTOOTHPASTE100G",
        "Id": "2345",
        "Code": "SN02349",
        "Name": "Medicated Toothpaste"
      },
      "MfgGroup": "Dr. Reddy's Laboratories Ltd.(T5)",
      "EncodeProdId": "yn6jbs",
      "CustDiscPercent": 14,
      "CustOfferPrice": 245.66,
      "PTR": 0,
      "PTRDiscPercent": 0,
      "SchemeFreeBaseQty": 0,
      "OfferCategoryId": 0,
      "OfferCategory": "",
      "OfferTitle": "",
      "OfferImage": "",
      "ApplyPincodeWiseDiscount": false,
      "IsPurchased": 0,
      "DisplayFactor": 1,
      "SKUOrderCount": 15317,
      "MaxSKUOrderCount": 0,
      "PKLotId": "1003134725",
      "SchemeFreeBaseQtyOfferText": "",
      "CustomScoreManipulator": 4546,
      "RecentOrderCount": 3025,
      "RecentProductCount": 3483,
      "RecentCustCount": 1905,
      "RefProductId": null,
      "RouteId": 0,
      "BrandImage": "",
      "PrimaryDisease": "",
      "CustHighDisc": 0,
      "OfferPrice": 245.66,
      "DiscountPercent": 14,
      "MinQty": 1,
      "IsOutOfStock": "N",
      "IsCourierable": 1,
      "MRP": 288.5,
      "ExpiryDate": "2023-11-01T00:00:00.000Z",
      "LastMRP": 288.5,
      "score": 1
    },
    {
      "ProductName": "Ensure Diabetes Care Vanilla Powder Jar",
      "Brand": "Abbott Healthcare Pvt. Ltd. (nutrition)",
      "DosageForm": "health drinks",
      "PrescriptionOTC": "O",
      "InteractiveModule": null,
      "InteractiveSubModule": "",
      "DeliveryDelayedDay": 0,
      "ProductId": "48368",
      "DisplayName": "Ensure Diabetes Care Vanilla Powder Jar 400 g",
      "ProductAliasName": "Ensure Diabetes Care Vanilla Powder Jar 400 g",
      "ProductImage": "Ensure-Diabetes-Care-Vanilla-Jar-Powder-1574677504-10035739-1.jpg",
      "IsNew": 1,
      "HasOffer": "N",
      "IsGiftableProduct": 0,
      "IsCustomizable": 0,
      "IsFeatured": 0,
      "DosageRestriction": 0,
      "DosageAlert": 0,
      "Active": 1,
      "ProductStatus": "C",
      "IsRedeemable": 0,
      "DosageFormDisplaySeq": null,
      "DocumentId": "48368",
      "GroupSize": 1,
      "AvgRating": 4.7,
      "NumRating": 479,
      "OrderCount": 15286,
      "NumCustomer": 7616,
      "DisplayRank": 99,
      "UnitPrice": 176.085,
      "Keywords": "nutrition nutritional energy diabetic diabetes blood glucose sugar grocery diabetis healthdrinkotc products household supplies",
      "Strength": "400 g",
      "ProductShortDescription": "",
      "Salts": {},
      "MfgGroup": "Abbott Healthcare Pvt. Ltd. (Nutrition)",
      "EncodeProdId": "cp3ggb",
      "CustDiscPercent": 2,
      "CustOfferPrice": 704.34,
      "PTR": 0,
      "PTRDiscPercent": 0,
      "SchemeFreeBaseQty": 0,
      "OfferCategoryId": 0,
      "OfferCategory": "",
      "OfferTitle": "",
      "OfferImage": "",
      "ApplyPincodeWiseDiscount": false,
      "IsPurchased": 0,
      "DisplayFactor": 1,
      "SKUOrderCount": 15286,
      "MaxSKUOrderCount": 0,
      "PKLotId": "1003232502",
      "SchemeFreeBaseQtyOfferText": "",
      "CustomScoreManipulator": 4418,
      "RecentOrderCount": 2791,
      "RecentProductCount": 2946,
      "RecentCustCount": 2016,
      "RefProductId": null,
      "RouteId": 0,
      "BrandImage": "1499234710_Ensure.jpg",
      "PrimaryDisease": "diabetes type 2",
      "CustHighDisc": 0,
      "OfferPrice": 704.34,
      "DiscountPercent": 2,
      "MinQty": 1,
      "IsOutOfStock": "N",
      "IsCourierable": 1,
      "MRP": 725,
      "ExpiryDate": "2023-05-31T00:00:00.000Z",
      "LastMRP": 725,
      "score": 1
    },
    {
      "ProductName": "Life Vitals N95 Particulate Respirator Face Mask White",
      "Brand": "Hariom Polypacks Limited",
      "DosageForm": "face mask",
      "PrescriptionOTC": "M",
      "InteractiveModule": null,
      "InteractiveSubModule": "",
      "DeliveryDelayedDay": 0,
      "ProductId": "100382",
      "DisplayName": "Life Vitals N95 Particulate Respirator Face Mask White",
      "ProductAliasName": "Life Vitals N95 Particulate Respirator Face Mask White",
      "ProductImage": "Life-Vitals-N95-Particulate-Respirator-Face-Mask-White-1641544812-10074621-1.jpg",
      "IsNew": 1,
      "HasOffer": "N",
      "IsGiftableProduct": 0,
      "IsCustomizable": 0,
      "IsFeatured": 0,
      "DosageRestriction": 0,
      "DosageAlert": 0,
      "Active": 1,
      "ProductStatus": "C",
      "IsRedeemable": 0,
      "DosageFormDisplaySeq": null,
      "DocumentId": "100382",
      "GroupSize": 1,
      "AvgRating": 0,
      "NumRating": 133,
      "OrderCount": 15208,
      "NumCustomer": 9761,
      "DisplayRank": 99,
      "UnitPrice": 0,
      "Keywords": "otc products household supplies",
      "Strength": "1 Pack",
      "ProductShortDescription": "",
      "Salts": {
        "NameSearch": "face mask",
        "SaltStrengthRaw": "",
        "SaltStrength": "FACEMASK1PACK",
        "Id": "3780",
        "Code": "SN03111",
        "Name": "Face Mask"
      },
      "MfgGroup": "Hariom Polypacks Limited",
      "EncodeProdId": "93batn",
      "CustDiscPercent": 67,
      "CustOfferPrice": 25.36,
      "PTR": 0,
      "PTRDiscPercent": 0,
      "SchemeFreeBaseQty": 0,
      "OfferCategoryId": 0,
      "OfferCategory": "",
      "OfferTitle": "",
      "OfferImage": "",
      "ApplyPincodeWiseDiscount": false,
      "IsPurchased": 0,
      "DisplayFactor": 1,
      "SKUOrderCount": 15208,
      "MaxSKUOrderCount": 0,
      "PKLotId": "1003165193",
      "SchemeFreeBaseQtyOfferText": "",
      "CustomScoreManipulator": 11063,
      "RecentOrderCount": 8498,
      "RecentProductCount": 23848,
      "RecentCustCount": 6372,
      "RefProductId": null,
      "RouteId": 0,
      "BrandImage": "",
      "PrimaryDisease": "",
      "CustHighDisc": 1,
      "OfferPrice": 25.36,
      "DiscountPercent": 67,
      "MinQty": 1,
      "IsOutOfStock": "N",
      "IsCourierable": 1,
      "MRP": 79,
      "ExpiryDate": "2023-12-31T00:00:00.000Z",
      "LastMRP": 79,
      "score": 1
    },
    {
      "ProductName": "Sensodent K Dental Cream",
      "Brand": "Indoco Remedies Ltd.(m)",
      "DosageForm": "paste",
      "PrescriptionOTC": "M",
      "InteractiveModule": null,
      "InteractiveSubModule": "",
      "DeliveryDelayedDay": 0,
      "ProductId": "3646",
      "DisplayName": "Sensodent K Dental Cream 100 g",
      "ProductAliasName": "Sensodent K Dental Cream 100 g",
      "ProductImage": "Sensodent-K-Dental-Cream-1633343132-10004157-1.jpg",
      "IsNew": 1,
      "HasOffer": "N",
      "IsGiftableProduct": 0,
      "IsCustomizable": 0,
      "IsFeatured": 0,
      "DosageRestriction": 3,
      "DosageAlert": 0,
      "Active": 1,
      "ProductStatus": "C",
      "IsRedeemable": 0,
      "DosageFormDisplaySeq": null,
      "DocumentId": "3644",
      "GroupSize": 2,
      "AvgRating": 0,
      "NumRating": 11,
      "OrderCount": 15866,
      "NumCustomer": 5140,
      "DisplayRank": 99,
      "UnitPrice": 98.76,
      "Keywords": "otc products household supplies",
      "Strength": "100 g",
      "ProductShortDescription": "",
      "Salts": {
        "NameSearch": "potassium nitrate",
        "SaltStrengthRaw": "Dental Cream",
        "SaltStrength": "DENTALCREAM",
        "Id": "1939",
        "Code": "SN02012",
        "Name": "Potassium Nitrate"
      },
      "MfgGroup": "Indoco Remedies Ltd.(M)",
      "EncodeProdId": "djtft9",
      "CustDiscPercent": 19,
      "CustOfferPrice": 98.76,
      "PTR": 0,
      "PTRDiscPercent": 0,
      "SchemeFreeBaseQty": 0,
      "OfferCategoryId": 0,
      "OfferCategory": "",
      "OfferTitle": "",
      "OfferImage": "",
      "ApplyPincodeWiseDiscount": false,
      "IsPurchased": 0,
      "DisplayFactor": 1,
      "SKUOrderCount": 15077,
      "MaxSKUOrderCount": 0,
      "PKLotId": "1003236485",
      "SchemeFreeBaseQtyOfferText": "",
      "CustomScoreManipulator": 3813,
      "RecentOrderCount": 2092,
      "RecentProductCount": 2666,
      "RecentCustCount": 1197,
      "RefProductId": null,
      "RouteId": 7,
      "BrandImage": "",
      "PrimaryDisease": "",
      "CustHighDisc": 0,
      "OfferPrice": 98.76,
      "DiscountPercent": 19,
      "MinQty": 1,
      "IsOutOfStock": "N",
      "IsCourierable": 1,
      "MRP": 122,
      "ExpiryDate": "2025-12-31T00:00:00.000Z",
      "LastMRP": 122,
      "score": 1
    },
    {
      "ProductName": "Dabur Hajmola Digestive Anardana",
      "Brand": "Dabur India Limited",
      "DosageForm": "digestives & candies",
      "PrescriptionOTC": "O",
      "InteractiveModule": null,
      "InteractiveSubModule": "",
      "DeliveryDelayedDay": 30,
      "ProductId": "18528",
      "DisplayName": "Dabur Hajmola Digestive Anardana 120 Tablets",
      "ProductAliasName": "Dabur Hajmola Digestive Anardana 120 Tablets",
      "ProductImage": "Dabur-Hajmola-Anardana-Tablet-1592298458-10017891-1.jpg",
      "IsNew": 1,
      "HasOffer": "N",
      "IsGiftableProduct": 0,
      "IsCustomizable": 0,
      "IsFeatured": 0,
      "DosageRestriction": 0,
      "DosageAlert": 0,
      "Active": 1,
      "ProductStatus": "C",
      "IsRedeemable": 0,
      "DosageFormDisplaySeq": null,
      "DocumentId": "15675",
      "GroupSize": 3,
      "AvgRating": 4.6,
      "NumRating": 624,
      "OrderCount": 15141,
      "NumCustomer": 7520,
      "DisplayRank": 99,
      "UnitPrice": 0,
      "Keywords": "digestive digetionotc products household supplies",
      "Strength": "120 Tablets",
      "ProductShortDescription": "",
      "Salts": {},
      "MfgGroup": "Dabur India Limited",
      "EncodeProdId": "aa5g5z",
      "CustDiscPercent": 3,
      "CustOfferPrice": 47.47,
      "PTR": 0,
      "PTRDiscPercent": 0,
      "SchemeFreeBaseQty": 0,
      "OfferCategoryId": 0,
      "OfferCategory": "",
      "OfferTitle": "",
      "OfferImage": "",
      "ApplyPincodeWiseDiscount": false,
      "IsPurchased": 0,
      "DisplayFactor": 1,
      "SKUOrderCount": 15045,
      "MaxSKUOrderCount": 0,
      "PKLotId": "1003142643",
      "SchemeFreeBaseQtyOfferText": "",
      "CustomScoreManipulator": 4712,
      "RecentOrderCount": 3090,
      "RecentProductCount": 4371,
      "RecentCustCount": 2050,
      "RefProductId": null,
      "RouteId": 0,
      "BrandImage": "1499241615_Hajmola.jpg",
      "PrimaryDisease": "",
      "CustHighDisc": 0,
      "OfferPrice": 47.47,
      "DiscountPercent": 3,
      "MinQty": 1,
      "IsOutOfStock": "N",
      "IsCourierable": 1,
      "MRP": 49,
      "ExpiryDate": "2022-11-30T00:00:00.000Z",
      "LastMRP": 49,
      "score": 1
    },
    {
      "ProductName": "B Protin Chocolate Powder",
      "Brand": "British Biologicals",
      "DosageForm": "health drinks",
      "PrescriptionOTC": "O",
      "InteractiveModule": null,
      "InteractiveSubModule": "",
      "DeliveryDelayedDay": 0,
      "ProductId": "15316",
      "DisplayName": "B Protin Chocolate Powder 500 g",
      "ProductAliasName": "B Protin Chocolate Powder 500 g",
      "ProductImage": "B-Protin-Chocolate-Powder-1607588849-10014681-1.jpg",
      "IsNew": 1,
      "HasOffer": "Y",
      "IsGiftableProduct": 0,
      "IsCustomizable": 0,
      "IsFeatured": 0,
      "DosageRestriction": 0,
      "DosageAlert": 0,
      "Active": 1,
      "ProductStatus": "C",
      "IsRedeemable": 0,
      "DosageFormDisplaySeq": 15,
      "DocumentId": "3984",
      "GroupSize": 2,
      "AvgRating": 4.57,
      "NumRating": 453,
      "OrderCount": 17241,
      "NumCustomer": 6419,
      "DisplayRank": 99,
      "UnitPrice": 95.602,
      "Keywords": "powder grocery bprotin bproteinotc products household supplies",
      "Strength": "500 g",
      "ProductShortDescription": "",
      "Salts": {},
      "MfgGroup": "British Biologicals",
      "EncodeProdId": "2pll7p",
      "CustDiscPercent": 8,
      "CustOfferPrice": 478.01,
      "PTR": 0,
      "PTRDiscPercent": 0,
      "SchemeFreeBaseQty": 0,
      "OfferCategoryId": 11,
      "OfferCategory": "Our Top Health Food Picks",
      "OfferTitle": "Health Food",
      "OfferImage": "",
      "ApplyPincodeWiseDiscount": false,
      "IsPurchased": 0,
      "DisplayFactor": 1,
      "SKUOrderCount": 14962,
      "MaxSKUOrderCount": 0,
      "PKLotId": "1003218720",
      "SchemeFreeBaseQtyOfferText": "",
      "CustomScoreManipulator": 3709,
      "RecentOrderCount": 2084,
      "RecentProductCount": 2434,
      "RecentCustCount": 1057,
      "RefProductId": null,
      "RouteId": 0,
      "BrandImage": "1499175432_B-protin.jpg",
      "PrimaryDisease": "",
      "CustHighDisc": 0,
      "OfferPrice": 478.01,
      "DiscountPercent": 8,
      "MinQty": 1,
      "IsOutOfStock": "N",
      "IsCourierable": 1,
      "MRP": 525,
      "ExpiryDate": "2023-12-31T00:00:00.000Z",
      "LastMRP": 525,
      "score": 1
    },
    {
      "ProductName": "Mega Freeflex",
      "Brand": "Universal Nutriscience Private Limited",
      "DosageForm": "tablet.",
      "PrescriptionOTC": "P",
      "InteractiveModule": "",
      "InteractiveSubModule": "",
      "DeliveryDelayedDay": 0,
      "ProductId": "5884",
      "DisplayName": "Mega Freeflex Tablet (10 Tab)",
      "ProductAliasName": "Mega Freeflex Tablet (10 Tab)",
      "ProductImage": "Mega-Freeflex-1594120493-10005893-1.jpg",
      "IsNew": 1,
      "HasOffer": "N",
      "IsGiftableProduct": 0,
      "IsCustomizable": 0,
      "IsFeatured": 0,
      "DosageRestriction": 0,
      "DosageAlert": 0,
      "Active": 1,
      "ProductStatus": "C",
      "IsRedeemable": 0,
      "DosageFormDisplaySeq": null,
      "DocumentId": "5884",
      "GroupSize": 1,
      "AvgRating": 0,
      "NumRating": 9,
      "OrderCount": 14354,
      "NumCustomer": 3698,
      "DisplayRank": 99,
      "UnitPrice": 0,
      "Keywords": "bone-&-joint-disorder megafreeflx medicine",
      "Strength": "Tablet",
      "ProductShortDescription": "",
      "Salts": {
        "NameSearch": "glucosamine + chondroitin",
        "SaltStrengthRaw": "Chondroitin 600mg + Glucosamine 750mg",
        "SaltStrength": "CHONDROITIN600MGGLUCOSAMINE750MG",
        "Id": "2895",
        "Code": "SN02617",
        "Name": "Glucosamine + Chondroitin"
      },
      "MfgGroup": "Universal Nutriscience Private Limited",
      "EncodeProdId": "m5qsy7",
      "CustDiscPercent": 18,
      "CustOfferPrice": 352.94,
      "PTR": 0,
      "PTRDiscPercent": 0,
      "SchemeFreeBaseQty": 0,
      "OfferCategoryId": 0,
      "OfferCategory": "",
      "OfferTitle": "",
      "OfferImage": "",
      "ApplyPincodeWiseDiscount": false,
      "IsPurchased": 0,
      "DisplayFactor": 1,
      "SKUOrderCount": 14354,
      "MaxSKUOrderCount": 0,
      "PKLotId": "1003225171",
      "SchemeFreeBaseQtyOfferText": "",
      "CustomScoreManipulator": 3278,
      "RecentOrderCount": 1231,
      "RecentProductCount": 3399,
      "RecentCustCount": 526,
      "RefProductId": null,
      "RouteId": 1,
      "BrandImage": null,
      "PrimaryDisease": "",
      "CustHighDisc": 0,
      "OfferPrice": 352.94,
      "DiscountPercent": 18,
      "MinQty": 1,
      "IsOutOfStock": "N",
      "IsCourierable": 1,
      "MRP": 430.41,
      "ExpiryDate": "2023-11-30T00:00:00.000Z",
      "LastMRP": 430.41,
      "score": 1
    },
    {
      "ProductName": "VWash Plus PH 3.5 Expert Intimate Hygiene Liquid Wash",
      "Brand": "Hindustan Unilever Ltd.",
      "DosageForm": "intimate wash",
      "PrescriptionOTC": "O",
      "InteractiveModule": null,
      "InteractiveSubModule": "",
      "DeliveryDelayedDay": 0,
      "ProductId": "12845",
      "DisplayName": "VWash Plus PH 3.5 Expert Intimate Hygiene Liquid Wash 100 ml",
      "ProductAliasName": "VWash Plus PH 3.5 Expert Intimate Hygiene Liquid Wash 100 ml",
      "ProductImage": "VWash-Plus-PH-35-Lotion-1564645398-10012792-1.jpg",
      "IsNew": 1,
      "HasOffer": "N",
      "IsGiftableProduct": 0,
      "IsCustomizable": 0,
      "IsFeatured": 0,
      "DosageRestriction": 4,
      "DosageAlert": 0,
      "Active": 1,
      "ProductStatus": "C",
      "IsRedeemable": 0,
      "DosageFormDisplaySeq": null,
      "DocumentId": "12845",
      "GroupSize": 3,
      "AvgRating": 4.6,
      "NumRating": 1344,
      "OrderCount": 30262,
      "NumCustomer": 20871,
      "DisplayRank": 99,
      "UnitPrice": 151.67,
      "Keywords": "mild womenday v wash vwash plus ph 3.5 lotion (free 2 wow ultrathin sanitary pads) 100 mlotc products household supplies",
      "Strength": "100 ml",
      "ProductShortDescription": "",
      "Salts": {},
      "MfgGroup": "Hindustan Unilever Ltd.",
      "EncodeProdId": "wzr379",
      "CustDiscPercent": 15,
      "CustOfferPrice": 151.67,
      "PTR": 0,
      "PTRDiscPercent": 0,
      "SchemeFreeBaseQty": 0,
      "OfferCategoryId": 0,
      "OfferCategory": "",
      "OfferTitle": "",
      "OfferImage": "",
      "ApplyPincodeWiseDiscount": false,
      "IsPurchased": 0,
      "DisplayFactor": 1,
      "SKUOrderCount": 14220,
      "MaxSKUOrderCount": 0,
      "PKLotId": "1003141398",
      "SchemeFreeBaseQtyOfferText": "",
      "CustomScoreManipulator": 5197,
      "RecentOrderCount": 3755,
      "RecentProductCount": 4028,
      "RecentCustCount": 3273,
      "RefProductId": null,
      "RouteId": 0,
      "BrandImage": "1495114069_V-Wash.jpg",
      "PrimaryDisease": "",
      "CustHighDisc": 0,
      "OfferPrice": 151.67,
      "DiscountPercent": 15,
      "MinQty": 1,
      "IsOutOfStock": "N",
      "IsCourierable": 1,
      "MRP": 180,
      "ExpiryDate": "2023-08-31T00:00:00.000Z",
      "LastMRP": 180,
      "score": 1
    },
    {
      "ProductName": "Dulcoflex",
      "Brand": "Sanofi India Limited(g)",
      "DosageForm": "tablet.",
      "PrescriptionOTC": "P",
      "InteractiveModule": "",
      "InteractiveSubModule": "",
      "DeliveryDelayedDay": 0,
      "ProductId": "11426",
      "DisplayName": "Dulcoflex 10 Tablets",
      "ProductAliasName": "Dulcoflex 10 Tablets",
      "ProductImage": "Dulcoflex-1574154315-10011372-1.jpg",
      "IsNew": 1,
      "HasOffer": "N",
      "IsGiftableProduct": 0,
      "IsCustomizable": 0,
      "IsFeatured": 0,
      "DosageRestriction": 0,
      "DosageAlert": 0,
      "Active": 1,
      "ProductStatus": "C",
      "IsRedeemable": 0,
      "DosageFormDisplaySeq": null,
      "DocumentId": "11426",
      "GroupSize": 1,
      "AvgRating": 0,
      "NumRating": 18,
      "OrderCount": 13989,
      "NumCustomer": 5282,
      "DisplayRank": 99,
      "UnitPrice": 0,
      "Keywords": "constipation medicine",
      "Strength": "10 Tablets",
      "ProductShortDescription": "",
      "Salts": {
        "NameSearch": "bisacodyl",
        "SaltStrengthRaw": "Bisacodyl 5mg",
        "SaltStrength": "BISACODYL5MG",
        "Id": "130",
        "Code": "SN00140",
        "Name": "Bisacodyl"
      },
      "MfgGroup": "Sanofi India Limited(G)",
      "EncodeProdId": "dcwxb7",
      "CustDiscPercent": 18,
      "CustOfferPrice": 9.23,
      "PTR": 0,
      "PTRDiscPercent": 0,
      "SchemeFreeBaseQty": 0,
      "OfferCategoryId": 0,
      "OfferCategory": "",
      "OfferTitle": "",
      "OfferImage": "",
      "ApplyPincodeWiseDiscount": false,
      "IsPurchased": 0,
      "DisplayFactor": 1,
      "SKUOrderCount": 13989,
      "MaxSKUOrderCount": 0,
      "PKLotId": "1003263806",
      "SchemeFreeBaseQtyOfferText": "",
      "CustomScoreManipulator": 5665,
      "RecentOrderCount": 2931,
      "RecentProductCount": 13305,
      "RecentCustCount": 1555,
      "RefProductId": null,
      "RouteId": 1,
      "BrandImage": null,
      "PrimaryDisease": "constipation",
      "CustHighDisc": 0,
      "OfferPrice": 9.23,
      "DiscountPercent": 18,
      "MinQty": 1,
      "IsOutOfStock": "N",
      "IsCourierable": 1,
      "MRP": 11.25,
      "ExpiryDate": "2024-10-31T00:00:00.000Z",
      "LastMRP": 11.25,
      "score": 1
    },
    {
      "ProductName": "Hydent K Tooth Paste",
      "Brand": "Abbott Healthcare Pvt. Ltd.",
      "DosageForm": "paste",
      "PrescriptionOTC": "P",
      "InteractiveModule": "",
      "InteractiveSubModule": "",
      "DeliveryDelayedDay": 0,
      "ProductId": "825",
      "DisplayName": "Hydent K Tooth Paste 100 g",
      "ProductAliasName": "Hydent K Tooth Paste 100 g",
      "ProductImage": "Hydent-K-Tooth-Paste-1635137372-10000420-1.jpg",
      "IsNew": 1,
      "HasOffer": "N",
      "IsGiftableProduct": 0,
      "IsCustomizable": 0,
      "IsFeatured": 0,
      "DosageRestriction": 3,
      "DosageAlert": 0,
      "Active": 1,
      "ProductStatus": "C",
      "IsRedeemable": 0,
      "DosageFormDisplaySeq": null,
      "DocumentId": "825",
      "GroupSize": 1,
      "AvgRating": 0,
      "NumRating": 12,
      "OrderCount": 13807,
      "NumCustomer": 4071,
      "DisplayRank": 99,
      "UnitPrice": 124.6,
      "Keywords": " medicine",
      "Strength": "100 g",
      "ProductShortDescription": "",
      "Salts": {
        "NameSearch": "triclosan + potassium nitrate + sodium fluoride",
        "SaltStrengthRaw": "Potassium Nitrate 5%w/w + Sodium Monoflurosulphate 0.7 W/w + Triclosan 0.3%w/w",
        "SaltStrength": "POTASSIUMNITRATE5WWSODIUMMONOFLUROSULPHATE0.7WWTRICLOSAN0.3WW",
        "Id": "5846",
        "Code": "SN04852",
        "Name": "Triclosan + Potassium Nitrate + Sodium Fluoride"
      },
      "MfgGroup": "Abbott Healthcare Pvt. Ltd.",
      "EncodeProdId": "gu72rt",
      "CustDiscPercent": 18,
      "CustOfferPrice": 124.6,
      "PTR": 0,
      "PTRDiscPercent": 0,
      "SchemeFreeBaseQty": 0,
      "OfferCategoryId": 0,
      "OfferCategory": "",
      "OfferTitle": "",
      "OfferImage": "",
      "ApplyPincodeWiseDiscount": false,
      "IsPurchased": 0,
      "DisplayFactor": 1,
      "SKUOrderCount": 13807,
      "MaxSKUOrderCount": 0,
      "PKLotId": "1003215429",
      "SchemeFreeBaseQtyOfferText": "",
      "CustomScoreManipulator": 3555,
      "RecentOrderCount": 2022,
      "RecentProductCount": 2443,
      "RecentCustCount": 1170,
      "RefProductId": null,
      "RouteId": 0,
      "BrandImage": "",
      "PrimaryDisease": "",
      "CustHighDisc": 0,
      "OfferPrice": 124.6,
      "DiscountPercent": 18,
      "MinQty": 1,
      "IsOutOfStock": "N",
      "IsCourierable": 1,
      "MRP": 151.95,
      "ExpiryDate": "2023-09-30T00:00:00.000Z",
      "LastMRP": 151.95,
      "score": 1
    },
    {
      "ProductName": "Ahaglow Skin Rejuvenating Face Wash Gel",
      "Brand": "Torrent Pharmaceuticals Ltd.",
      "DosageForm": "face wash",
      "PrescriptionOTC": "M",
      "InteractiveModule": null,
      "InteractiveSubModule": "",
      "DeliveryDelayedDay": 0,
      "ProductId": "4500",
      "DisplayName": "Ahaglow Skin Rejuvenating Face Wash Gel 100 g",
      "ProductAliasName": "Ahaglow Skin Rejuvenating Face Wash Gel 100 g",
      "ProductImage": "Ahaglow-1600923162-10003401-1.jpg",
      "IsNew": 1,
      "HasOffer": "N",
      "IsGiftableProduct": 0,
      "IsCustomizable": 0,
      "IsFeatured": 0,
      "DosageRestriction": 0,
      "DosageAlert": 0,
      "Active": 1,
      "ProductStatus": "C",
      "IsRedeemable": 0,
      "DosageFormDisplaySeq": null,
      "DocumentId": "4499",
      "GroupSize": 3,
      "AvgRating": 0,
      "NumRating": 46,
      "OrderCount": 17470,
      "NumCustomer": 7860,
      "DisplayRank": 99,
      "UnitPrice": 408.07000000000005,
      "Keywords": "otc products household supplies",
      "Strength": "100 g",
      "ProductShortDescription": "",
      "Salts": {
        "NameSearch": "medicated face wash",
        "SaltStrengthRaw": "Purified Water, Acrylate Copolymer, Sodium Laureth Sulfate, Aloe Vera, Polysorbate 80, Sodium Cocoyl Apple Amino Acids, Decyl Glucoside, Coloured Millicapsules, Glycolic Acid, Phenoxyethanol, Fragrance, Vitamin E Acetate And Potassium Hydroxide.",
        "SaltStrength": "PURIFIEDWATERACRYLATECOPOLYMERSODIUMLAURETHSULFATEALOEVERAPOLYSORBATE80SODIUMCOCOYLAPPLEAMINOACIDSDECYLGLUCOSIDECOLOUREDMILLICAPSULESGLYCOLICACIDPHENOXYETHANOLFRAGRANCEVITAMINEACETATEANDPOTASSIUMHYDROXIDE.",
        "Id": "2036",
        "Code": "SN02110",
        "Name": "Medicated Face Wash"
      },
      "MfgGroup": "Torrent Pharmaceuticals Ltd.",
      "EncodeProdId": "vu7jt3",
      "CustDiscPercent": 14,
      "CustOfferPrice": 408.07,
      "PTR": 0,
      "PTRDiscPercent": 0,
      "SchemeFreeBaseQty": 0,
      "OfferCategoryId": 0,
      "OfferCategory": "",
      "OfferTitle": "",
      "OfferImage": "",
      "ApplyPincodeWiseDiscount": false,
      "IsPurchased": 0,
      "DisplayFactor": 1,
      "SKUOrderCount": 13687,
      "MaxSKUOrderCount": 0,
      "PKLotId": "1003233139",
      "SchemeFreeBaseQtyOfferText": "",
      "CustomScoreManipulator": 3226,
      "RecentOrderCount": 1549,
      "RecentProductCount": 1634,
      "RecentCustCount": 1102,
      "RefProductId": null,
      "RouteId": 3,
      "BrandImage": "",
      "PrimaryDisease": "",
      "CustHighDisc": 0,
      "OfferPrice": 408.07,
      "DiscountPercent": 14,
      "MinQty": 1,
      "IsOutOfStock": "N",
      "IsCourierable": 1,
      "MRP": 477,
      "ExpiryDate": "2023-08-01T00:00:00.000Z",
      "LastMRP": 477,
      "score": 1
    },
    {
      "ProductName": "Kayam",
      "Brand": "Sheth Bros",
      "DosageForm": "constipation & laxatives",
      "PrescriptionOTC": "O",
      "InteractiveModule": null,
      "InteractiveSubModule": "",
      "DeliveryDelayedDay": 30,
      "ProductId": "10244",
      "DisplayName": "Kayam 30 Tablets",
      "ProductAliasName": "Kayam 30 Tablets",
      "ProductImage": "Kayam-1600320080-10010323-1.jpg",
      "IsNew": 1,
      "HasOffer": "N",
      "IsGiftableProduct": 0,
      "IsCustomizable": 0,
      "IsFeatured": 0,
      "DosageRestriction": 0,
      "DosageAlert": 0,
      "Active": 1,
      "ProductStatus": "C",
      "IsRedeemable": 0,
      "DosageFormDisplaySeq": null,
      "DocumentId": "10244",
      "GroupSize": 2,
      "AvgRating": 4.48,
      "NumRating": 275,
      "OrderCount": 16217,
      "NumCustomer": 5399,
      "DisplayRank": 99,
      "UnitPrice": 0,
      "Keywords": "constipation piles acidity gas digestion indigestion constepation constipetionotc products household supplies",
      "Strength": "30 Tablets",
      "ProductShortDescription": "",
      "Salts": {},
      "MfgGroup": "Sheth Bros",
      "EncodeProdId": "rbtgp8",
      "CustDiscPercent": 9,
      "CustOfferPrice": 89.26,
      "PTR": 0,
      "PTRDiscPercent": 0,
      "SchemeFreeBaseQty": 0,
      "OfferCategoryId": 0,
      "OfferCategory": "",
      "OfferTitle": "",
      "OfferImage": "",
      "ApplyPincodeWiseDiscount": false,
      "IsPurchased": 0,
      "DisplayFactor": 1,
      "SKUOrderCount": 13668,
      "MaxSKUOrderCount": 0,
      "PKLotId": "1003218690",
      "SchemeFreeBaseQtyOfferText": "",
      "CustomScoreManipulator": 3716,
      "RecentOrderCount": 2190,
      "RecentProductCount": 3409,
      "RecentCustCount": 1108,
      "RefProductId": null,
      "RouteId": 0,
      "BrandImage": "1499248108_kayam.jpg",
      "PrimaryDisease": "constipation",
      "CustHighDisc": 0,
      "OfferPrice": 89.26,
      "DiscountPercent": 9,
      "MinQty": 1,
      "IsOutOfStock": "N",
      "IsCourierable": 1,
      "MRP": 99,
      "ExpiryDate": "2024-12-31T00:00:00.000Z",
      "LastMRP": 99,
      "score": 1
    },
    {
      "ProductName": "Nescafe Classic Coffee Sachet",
      "Brand": "Nestle India Ltd.",
      "DosageForm": "coffee",
      "PrescriptionOTC": "O",
      "InteractiveModule": null,
      "InteractiveSubModule": "",
      "DeliveryDelayedDay": 30,
      "ProductId": "24118",
      "DisplayName": "Nescafe Classic Coffee Sachet 1.5 g",
      "ProductAliasName": "Nescafe Classic Coffee Sachet 1.5 g",
      "ProductImage": "Nescafe-Classic-Coffee-Sachet-1454681410-10023170.jpg",
      "IsNew": 1,
      "HasOffer": "N",
      "IsGiftableProduct": 0,
      "IsCustomizable": 0,
      "IsFeatured": 0,
      "DosageRestriction": 0,
      "DosageAlert": 0,
      "Active": 1,
      "ProductStatus": "C",
      "IsRedeemable": 0,
      "DosageFormDisplaySeq": null,
      "DocumentId": "24118",
      "GroupSize": 1,
      "AvgRating": 4.61,
      "NumRating": 684,
      "OrderCount": 15520,
      "NumCustomer": 8258,
      "DisplayRank": 0,
      "UnitPrice": 133.33333333333331,
      "Keywords": "beverage breakfast nestle grocery coffee-powder cofee  nescofeotc products household supplies",
      "Strength": "1.5 g",
      "ProductShortDescription": "",
      "Salts": {},
      "MfgGroup": "Nestle India Ltd.",
      "EncodeProdId": "lnbrhz",
      "CustDiscPercent": 0,
      "CustOfferPrice": 2,
      "PTR": 0,
      "PTRDiscPercent": 0,
      "SchemeFreeBaseQty": 0,
      "OfferCategoryId": 0,
      "OfferCategory": "",
      "OfferTitle": "",
      "OfferImage": "",
      "ApplyPincodeWiseDiscount": false,
      "IsPurchased": 0,
      "DisplayFactor": 1,
      "SKUOrderCount": 13193,
      "MaxSKUOrderCount": 0,
      "PKLotId": "1003174403",
      "SchemeFreeBaseQtyOfferText": "",
      "CustomScoreManipulator": 4055,
      "RecentOrderCount": 439,
      "RecentProductCount": 12188,
      "RecentCustCount": 267,
      "RefProductId": null,
      "RouteId": 0,
      "BrandImage": "1499252062_Nescafe.jpg",
      "PrimaryDisease": "",
      "CustHighDisc": 0,
      "OfferPrice": 2,
      "DiscountPercent": 0,
      "MinQty": 1,
      "IsOutOfStock": "N",
      "IsCourierable": 0,
      "MRP": 2,
      "ExpiryDate": "2022-12-31T00:00:00.000Z",
      "LastMRP": 2,
      "score": 1
    },
    {
      "ProductName": "Kare In Adult Diapers M",
      "Brand": "Universal Corporation Ltd.",
      "DosageForm": "adult diapers",
      "PrescriptionOTC": "O",
      "InteractiveModule": null,
      "InteractiveSubModule": "",
      "DeliveryDelayedDay": 0,
      "ProductId": "15038",
      "DisplayName": "Kare In Adult Diapers M Pack Of 10",
      "ProductAliasName": "Kare In Adult Diapers M Pack Of 10",
      "ProductImage": "Kare-In-Adult-Diapers-M-1618043349-10014405-1.jpg",
      "IsNew": 1,
      "HasOffer": "Y",
      "IsGiftableProduct": 0,
      "IsCustomizable": 0,
      "IsFeatured": 0,
      "DosageRestriction": 10,
      "DosageAlert": 0,
      "Active": 1,
      "ProductStatus": "C",
      "IsRedeemable": 0,
      "DosageFormDisplaySeq": 28,
      "DocumentId": "15038",
      "GroupSize": 1,
      "AvgRating": 4.5,
      "NumRating": 220,
      "OrderCount": 12905,
      "NumCustomer": 2740,
      "DisplayRank": 0,
      "UnitPrice": 0,
      "Keywords": "medium light weight leak proof odour oldage elderly care disposable elder diper dipers kare kareinotc products household supplies",
      "Strength": "Pack Of 10",
      "ProductShortDescription": "",
      "Salts": {},
      "MfgGroup": "Universal Corporation Ltd.",
      "EncodeProdId": "2df6st",
      "CustDiscPercent": 14,
      "CustOfferPrice": 327.83,
      "PTR": 0,
      "PTRDiscPercent": 0,
      "SchemeFreeBaseQty": 0,
      "OfferCategoryId": 10,
      "OfferCategory": "Curated Brands For You",
      "OfferTitle": "Top Brands",
      "OfferImage": "",
      "ApplyPincodeWiseDiscount": false,
      "IsPurchased": 0,
      "DisplayFactor": 1,
      "SKUOrderCount": 12905,
      "MaxSKUOrderCount": 0,
      "PKLotId": "1003259820",
      "SchemeFreeBaseQtyOfferText": "",
      "CustomScoreManipulator": 3153,
      "RecentOrderCount": 1658,
      "RecentProductCount": 3020,
      "RecentCustCount": 523,
      "RefProductId": null,
      "RouteId": 0,
      "BrandImage": "1499249306_kare-in.jpg",
      "PrimaryDisease": "",
      "CustHighDisc": 0,
      "OfferPrice": 327.83,
      "DiscountPercent": 14,
      "MinQty": 1,
      "IsOutOfStock": "N",
      "IsCourierable": 1,
      "MRP": 385,
      "ExpiryDate": "2025-01-31T00:00:00.000Z",
      "LastMRP": 385,
      "score": 1
    },
    {
      "ProductName": "Kulerron Syrup",
      "Brand": "Branolia Chemical Works",
      "DosageForm": "ayurvedic cure",
      "PrescriptionOTC": "O",
      "InteractiveModule": null,
      "InteractiveSubModule": "",
      "DeliveryDelayedDay": 30,
      "ProductId": "49492",
      "DisplayName": "Kulerron Syrup 200 ml",
      "ProductAliasName": "Kulerron Syrup 200 ml",
      "ProductImage": "Kulerron-Syrup-1618828812-10036867-1.jpg",
      "IsNew": 1,
      "HasOffer": "Y",
      "IsGiftableProduct": 0,
      "IsCustomizable": 0,
      "IsFeatured": 0,
      "DosageRestriction": 0,
      "DosageAlert": 0,
      "Active": 1,
      "ProductStatus": "C",
      "IsRedeemable": 0,
      "DosageFormDisplaySeq": null,
      "DocumentId": "49492",
      "GroupSize": 1,
      "AvgRating": 4.5,
      "NumRating": 413,
      "OrderCount": 12889,
      "NumCustomer": 6305,
      "DisplayRank": 99,
      "UnitPrice": 72.345,
      "Keywords": "otc products household supplies",
      "Strength": "200 ml",
      "ProductShortDescription": "",
      "Salts": {},
      "MfgGroup": "Branolia Chemical Works",
      "EncodeProdId": "j93q8l",
      "CustDiscPercent": 9,
      "CustOfferPrice": 144.69,
      "PTR": 0,
      "PTRDiscPercent": 0,
      "SchemeFreeBaseQty": 0,
      "OfferCategoryId": 12,
      "OfferCategory": "Better Your Nutrition Game",
      "OfferTitle": "Ayurveda",
      "OfferImage": "",
      "ApplyPincodeWiseDiscount": false,
      "IsPurchased": 0,
      "DisplayFactor": 1,
      "SKUOrderCount": 12889,
      "MaxSKUOrderCount": 0,
      "PKLotId": "1003260064",
      "SchemeFreeBaseQtyOfferText": "",
      "CustomScoreManipulator": 3727,
      "RecentOrderCount": 2233,
      "RecentProductCount": 3543,
      "RecentCustCount": 1373,
      "RefProductId": null,
      "RouteId": 0,
      "BrandImage": "1499175784_branolia.jpg",
      "PrimaryDisease": "anaemia",
      "CustHighDisc": 0,
      "OfferPrice": 144.69,
      "DiscountPercent": 9,
      "MinQty": 1,
      "IsOutOfStock": "N",
      "IsCourierable": 1,
      "MRP": 160,
      "ExpiryDate": "2024-11-30T00:00:00.000Z",
      "LastMRP": 160,
      "score": 1
    },
    {
      "ProductName": "Lifebuoy Total Hand Sanitizer",
      "Brand": "Hindustan Unilever Ltd.",
      "DosageForm": "hand sanitizer",
      "PrescriptionOTC": "O",
      "InteractiveModule": null,
      "InteractiveSubModule": "",
      "DeliveryDelayedDay": 0,
      "ProductId": "100135",
      "DisplayName": "Lifebuoy Total Hand Sanitizer 50 ml",
      "ProductAliasName": "Lifebuoy Total Hand Sanitizer 50 ml",
      "ProductImage": "Lifebuoy-Total-Hand-Sanitizer-1618223308-10074374-1.jpg",
      "IsNew": 1,
      "HasOffer": "N",
      "IsGiftableProduct": 0,
      "IsCustomizable": 0,
      "IsFeatured": 0,
      "DosageRestriction": 0,
      "DosageAlert": 0,
      "Active": 1,
      "ProductStatus": "C",
      "IsRedeemable": 0,
      "DosageFormDisplaySeq": null,
      "DocumentId": "97288",
      "GroupSize": 7,
      "AvgRating": 4.55,
      "NumRating": 1519,
      "OrderCount": 43707,
      "NumCustomer": 32332,
      "DisplayRank": 99,
      "UnitPrice": 45.28,
      "Keywords": "otc products household supplies",
      "Strength": "50 ml",
      "ProductShortDescription": "",
      "Salts": {},
      "MfgGroup": "Hindustan Unilever Ltd.",
      "EncodeProdId": "kvtqym",
      "CustDiscPercent": 9,
      "CustOfferPrice": 22.64,
      "PTR": 0,
      "PTRDiscPercent": 0,
      "SchemeFreeBaseQty": 0,
      "OfferCategoryId": 0,
      "OfferCategory": "",
      "OfferTitle": "",
      "OfferImage": "",
      "ApplyPincodeWiseDiscount": false,
      "IsPurchased": 0,
      "DisplayFactor": 1,
      "SKUOrderCount": 12843,
      "MaxSKUOrderCount": 0,
      "PKLotId": "1002521184",
      "SchemeFreeBaseQtyOfferText": "",
      "CustomScoreManipulator": 10191,
      "RecentOrderCount": 7113,
      "RecentProductCount": 25194,
      "RecentCustCount": 5701,
      "RefProductId": null,
      "RouteId": 0,
      "BrandImage": "1505980467_Lifebuoy.jpg",
      "PrimaryDisease": "",
      "CustHighDisc": 0,
      "OfferPrice": 22.64,
      "DiscountPercent": 9,
      "MinQty": 1,
      "IsOutOfStock": "N",
      "IsCourierable": 1,
      "MRP": 25,
      "ExpiryDate": "2024-04-30T00:00:00.000Z",
      "LastMRP": 25,
      "score": 1
    },
    {
      "ProductName": "Ramsons Instant Hand Sanitizer Spray",
      "Brand": "Ramsons Perfumes Pvt Ltd.",
      "DosageForm": "hand sanitizer spray",
      "PrescriptionOTC": "O",
      "InteractiveModule": null,
      "InteractiveSubModule": "",
      "DeliveryDelayedDay": 0,
      "ProductId": "100249",
      "DisplayName": "Ramsons Instant Hand Sanitizer Spray 500 ml",
      "ProductAliasName": "Ramsons Instant Hand Sanitizer Spray 500 ml",
      "ProductImage": "Ramsons-Instant-Hand-Sanitizer-Spray-1632225269-10074489-1.jpg",
      "IsNew": 1,
      "HasOffer": "N",
      "IsGiftableProduct": 0,
      "IsCustomizable": 0,
      "IsFeatured": 0,
      "DosageRestriction": 0,
      "DosageAlert": 0,
      "Active": 1,
      "ProductStatus": "C",
      "IsRedeemable": 0,
      "DosageFormDisplaySeq": null,
      "DocumentId": "100249",
      "GroupSize": 1,
      "AvgRating": 4.4,
      "NumRating": 413,
      "OrderCount": 12332,
      "NumCustomer": 8491,
      "DisplayRank": 99,
      "UnitPrice": 28.055999999999997,
      "Keywords": "ramsons hand rub spray 500 ml instant sanitizer mlotc products household supplies",
      "Strength": "500 ml",
      "ProductShortDescription": "",
      "Salts": {},
      "MfgGroup": "Ramsons Perfumes Pvt Ltd.",
      "EncodeProdId": "wadbq7",
      "CustDiscPercent": 43,
      "CustOfferPrice": 140.28,
      "PTR": 0,
      "PTRDiscPercent": 0,
      "SchemeFreeBaseQty": 0,
      "OfferCategoryId": 0,
      "OfferCategory": "",
      "OfferTitle": "",
      "OfferImage": "",
      "ApplyPincodeWiseDiscount": false,
      "IsPurchased": 0,
      "DisplayFactor": 1,
      "SKUOrderCount": 12332,
      "MaxSKUOrderCount": 0,
      "PKLotId": "1003098441",
      "SchemeFreeBaseQtyOfferText": "",
      "CustomScoreManipulator": 9641,
      "RecentOrderCount": 9306,
      "RecentProductCount": 14078,
      "RecentCustCount": 6920,
      "RefProductId": "103990",
      "RouteId": 0,
      "BrandImage": null,
      "PrimaryDisease": "",
      "CustHighDisc": 1,
      "OfferPrice": 140.28,
      "DiscountPercent": 43,
      "MinQty": 1,
      "IsOutOfStock": "N",
      "IsCourierable": 1,
      "MRP": 250,
      "ExpiryDate": "2023-12-31T00:00:00.000Z",
      "LastMRP": 250,
      "score": 1
    },
    {
      "ProductName": "Lubrijoint OD",
      "Brand": "Wallace Pharmaceuticals Pvt. Ltd.(h.p.)",
      "DosageForm": "tablet",
      "PrescriptionOTC": "P",
      "InteractiveModule": "",
      "InteractiveSubModule": "",
      "DeliveryDelayedDay": 0,
      "ProductId": "2053",
      "DisplayName": "Lubrijoint OD Tablet (30 Tab)",
      "ProductAliasName": "Lubrijoint OD Tablet (30 Tab)",
      "ProductImage": "Lubrijoint-OD-1574327159-10002360-1.jpg",
      "IsNew": 1,
      "HasOffer": "N",
      "IsGiftableProduct": 0,
      "IsCustomizable": 0,
      "IsFeatured": 0,
      "DosageRestriction": 0,
      "DosageAlert": 0,
      "Active": 1,
      "ProductStatus": "C",
      "IsRedeemable": 0,
      "DosageFormDisplaySeq": null,
      "DocumentId": "2053",
      "GroupSize": 1,
      "AvgRating": 0,
      "NumRating": 12,
      "OrderCount": 12213,
      "NumCustomer": 4116,
      "DisplayRank": 99,
      "UnitPrice": 0,
      "Keywords": "bone-&-joint-disorder medicine",
      "Strength": "Tablet",
      "ProductShortDescription": "",
      "Salts": {
        "NameSearch": "glucosamine",
        "SaltStrengthRaw": "Glucosamine Sulfate Potassium Chloride 1500mg Equivalent To Glucosamine 888mg",
        "SaltStrength": "GLUCOSAMINESULFATEPOTASSIUMCHLORIDE1500MGEQUIVALENTTOGLUCOSAMINE888MG",
        "Id": "1118",
        "Code": "SN01440",
        "Name": "Glucosamine"
      },
      "MfgGroup": "Wallace Pharmaceuticals Pvt. Ltd.(H.P.)",
      "EncodeProdId": "5ukqst",
      "CustDiscPercent": 18,
      "CustOfferPrice": 371.75,
      "PTR": 0,
      "PTRDiscPercent": 0,
      "SchemeFreeBaseQty": 0,
      "OfferCategoryId": 0,
      "OfferCategory": "",
      "OfferTitle": "",
      "OfferImage": "",
      "ApplyPincodeWiseDiscount": false,
      "IsPurchased": 0,
      "DisplayFactor": 1,
      "SKUOrderCount": 12213,
      "MaxSKUOrderCount": 0,
      "PKLotId": "1003198522",
      "SchemeFreeBaseQtyOfferText": "",
      "CustomScoreManipulator": 2939,
      "RecentOrderCount": 1565,
      "RecentProductCount": 1746,
      "RecentCustCount": 849,
      "RefProductId": null,
      "RouteId": 1,
      "BrandImage": "",
      "PrimaryDisease": "",
      "CustHighDisc": 0,
      "OfferPrice": 371.75,
      "DiscountPercent": 18,
      "MinQty": 1,
      "IsOutOfStock": "N",
      "IsCourierable": 1,
      "MRP": 453.35,
      "ExpiryDate": "2023-11-30T00:00:00.000Z",
      "LastMRP": 453.35,
      "score": 1
    },
    {
      "ProductName": "Ciphands Antiseptic Hand Sanitizer",
      "Brand": "Cipla Health Limited",
      "DosageForm": "hand sanitizer",
      "PrescriptionOTC": "O",
      "InteractiveModule": null,
      "InteractiveSubModule": "",
      "DeliveryDelayedDay": 0,
      "ProductId": "96874",
      "DisplayName": "Ciphands Antiseptic Hand Sanitizer 100 ml",
      "ProductAliasName": "Ciphands Antiseptic Hand Sanitizer 100 ml",
      "ProductImage": "Ciphands-Antiseptic-Hand-Sanitizer-1595839264-10071904-1.jpg",
      "IsNew": 1,
      "HasOffer": "N",
      "IsGiftableProduct": 0,
      "IsCustomizable": 0,
      "IsFeatured": 0,
      "DosageRestriction": 0,
      "DosageAlert": 0,
      "Active": 1,
      "ProductStatus": "C",
      "IsRedeemable": 0,
      "DosageFormDisplaySeq": null,
      "DocumentId": "96874",
      "GroupSize": 2,
      "AvgRating": 4.43,
      "NumRating": 949,
      "OrderCount": 17810,
      "NumCustomer": 12635,
      "DisplayRank": 99,
      "UnitPrice": 41.45,
      "Keywords": "alcohol-basedotc products household supplies",
      "Strength": "100 ml",
      "ProductShortDescription": "",
      "Salts": {},
      "MfgGroup": "Cipla Health Limited",
      "EncodeProdId": "x7hzlw",
      "CustDiscPercent": 17,
      "CustOfferPrice": 41.45,
      "PTR": 0,
      "PTRDiscPercent": 0,
      "SchemeFreeBaseQty": 0,
      "OfferCategoryId": 0,
      "OfferCategory": "",
      "OfferTitle": "",
      "OfferImage": "",
      "ApplyPincodeWiseDiscount": false,
      "IsPurchased": 0,
      "DisplayFactor": 1,
      "SKUOrderCount": 11984,
      "MaxSKUOrderCount": 0,
      "PKLotId": "1002566709",
      "SchemeFreeBaseQtyOfferText": "",
      "CustomScoreManipulator": 3840,
      "RecentOrderCount": 2261,
      "RecentProductCount": 4081,
      "RecentCustCount": 1824,
      "RefProductId": null,
      "RouteId": 0,
      "BrandImage": "1592287341_cipla.jpg",
      "PrimaryDisease": "",
      "CustHighDisc": 0,
      "OfferPrice": 41.45,
      "DiscountPercent": 17,
      "MinQty": 1,
      "IsOutOfStock": "N",
      "IsCourierable": 1,
      "MRP": 50,
      "ExpiryDate": "2022-10-31T00:00:00.000Z",
      "LastMRP": 50,
      "score": 1
    },
    {
      "ProductName": "Beplex Forte",
      "Brand": "Anglo-french Drugs & Industries Ltd. (k)",
      "DosageForm": "tablet.",
      "PrescriptionOTC": "M",
      "InteractiveModule": null,
      "InteractiveSubModule": "",
      "DeliveryDelayedDay": 0,
      "ProductId": "7026",
      "DisplayName": "Beplex Forte 20 Tablets",
      "ProductAliasName": "Beplex Forte 20 Tablets",
      "ProductImage": "Beplex-Forte-1565680545-10007706-1.jpg",
      "IsNew": 1,
      "HasOffer": "N",
      "IsGiftableProduct": 0,
      "IsCustomizable": 0,
      "IsFeatured": 0,
      "DosageRestriction": 0,
      "DosageAlert": 0,
      "Active": 1,
      "ProductStatus": "C",
      "IsRedeemable": 0,
      "DosageFormDisplaySeq": null,
      "DocumentId": "7026",
      "GroupSize": 1,
      "AvgRating": 0,
      "NumRating": 11,
      "OrderCount": 11905,
      "NumCustomer": 4520,
      "DisplayRank": 99,
      "UnitPrice": 0,
      "Keywords": "nutritional-&-allied-deficiencyotc products household supplies",
      "Strength": "20 Tablets",
      "ProductShortDescription": "",
      "Salts": {
        "NameSearch": "vitamin b-complex + vitamin c + biotin",
        "SaltStrengthRaw": "Health Supplement",
        "SaltStrength": "HEALTHSUPPLEMENT",
        "Id": "4458",
        "Code": "SN03641",
        "Name": "Vitamin B-Complex + Vitamin C + Biotin"
      },
      "MfgGroup": "Anglo-French Drugs & Industries Ltd. (K)",
      "EncodeProdId": "dwebj8",
      "CustDiscPercent": 17,
      "CustOfferPrice": 35.24,
      "PTR": 0,
      "PTRDiscPercent": 0,
      "SchemeFreeBaseQty": 0,
      "OfferCategoryId": 0,
      "OfferCategory": "",
      "OfferTitle": "",
      "OfferImage": "",
      "ApplyPincodeWiseDiscount": false,
      "IsPurchased": 0,
      "DisplayFactor": 1,
      "SKUOrderCount": 11905,
      "MaxSKUOrderCount": 0,
      "PKLotId": "1003175080",
      "SchemeFreeBaseQtyOfferText": "",
      "CustomScoreManipulator": 3479,
      "RecentOrderCount": 1923,
      "RecentProductCount": 4344,
      "RecentCustCount": 1053,
      "RefProductId": null,
      "RouteId": 0,
      "BrandImage": "",
      "PrimaryDisease": "",
      "CustHighDisc": 0,
      "OfferPrice": 35.24,
      "DiscountPercent": 17,
      "MinQty": 1,
      "IsOutOfStock": "N",
      "IsCourierable": 1,
      "MRP": 42.77,
      "ExpiryDate": "2024-04-30T00:00:00.000Z",
      "LastMRP": 42.77,
      "score": 1
    },
    {
      "ProductName": "Baidyanath Rhuma Oil for Joint & Muscle Pain",
      "Brand": "Shree Baidyanath Ayurved Bhawan Pvt. Ltd. (wb)",
      "DosageForm": "pain relief",
      "PrescriptionOTC": "O",
      "InteractiveModule": null,
      "InteractiveSubModule": "",
      "DeliveryDelayedDay": 30,
      "ProductId": "5662",
      "DisplayName": "Baidyanath Rhuma Oil for Joint & Muscle Pain 100 ml",
      "ProductAliasName": "Baidyanath Rhuma Oil for Joint & Muscle Pain 100 ml",
      "ProductImage": "Baidyanath-Rhuma-Oil-1577088039-10005553-1.jpg",
      "IsNew": 1,
      "HasOffer": "N",
      "IsGiftableProduct": 0,
      "IsCustomizable": 0,
      "IsFeatured": 0,
      "DosageRestriction": 0,
      "DosageAlert": 0,
      "Active": 1,
      "ProductStatus": "C",
      "IsRedeemable": 0,
      "DosageFormDisplaySeq": null,
      "DocumentId": "5662",
      "GroupSize": 2,
      "AvgRating": 4.48,
      "NumRating": 376,
      "OrderCount": 13076,
      "NumCustomer": 6714,
      "DisplayRank": 99,
      "UnitPrice": 164.84,
      "Keywords": "back body muscular ache pein mascular ace ruma badhayanathotc products household supplies",
      "Strength": "100 ml",
      "ProductShortDescription": "",
      "Salts": {},
      "MfgGroup": "Shree Baidyanath Ayurved Bhawan Pvt. Ltd. (WB)",
      "EncodeProdId": "hpz678",
      "CustDiscPercent": 11,
      "CustOfferPrice": 164.84,
      "PTR": 0,
      "PTRDiscPercent": 0,
      "SchemeFreeBaseQty": 0,
      "OfferCategoryId": 0,
      "OfferCategory": "",
      "OfferTitle": "",
      "OfferImage": "",
      "ApplyPincodeWiseDiscount": false,
      "IsPurchased": 0,
      "DisplayFactor": 1,
      "SKUOrderCount": 11554,
      "MaxSKUOrderCount": 0,
      "PKLotId": "1003134830",
      "SchemeFreeBaseQtyOfferText": "",
      "CustomScoreManipulator": 2679,
      "RecentOrderCount": 1178,
      "RecentProductCount": 1462,
      "RecentCustCount": 897,
      "RefProductId": null,
      "RouteId": 0,
      "BrandImage": "1495115314_Baidynath.jpg",
      "PrimaryDisease": "arthritis",
      "CustHighDisc": 0,
      "OfferPrice": 164.84,
      "DiscountPercent": 11,
      "MinQty": 1,
      "IsOutOfStock": "N",
      "IsCourierable": 1,
      "MRP": 187,
      "ExpiryDate": "2024-11-30T00:00:00.000Z",
      "LastMRP": 187,
      "score": 1
    },
    {
      "ProductName": "Jointace C2",
      "Brand": "Meyer Organics Pvt Ltd.",
      "DosageForm": "tablet.",
      "PrescriptionOTC": "M",
      "InteractiveModule": null,
      "InteractiveSubModule": "",
      "DeliveryDelayedDay": 0,
      "ProductId": "11043",
      "DisplayName": "Jointace C2 Tablet (10 Tab)",
      "ProductAliasName": "Jointace C2 Tablet (10 Tab)",
      "ProductImage": "Jointace-C2-1568286831-10011011-1.jpg",
      "IsNew": 1,
      "HasOffer": "N",
      "IsGiftableProduct": 0,
      "IsCustomizable": 0,
      "IsFeatured": 0,
      "DosageRestriction": 0,
      "DosageAlert": 0,
      "Active": 1,
      "ProductStatus": "C",
      "IsRedeemable": 0,
      "DosageFormDisplaySeq": null,
      "DocumentId": "11043",
      "GroupSize": 1,
      "AvgRating": 0,
      "NumRating": 3,
      "OrderCount": 11374,
      "NumCustomer": 3711,
      "DisplayRank": 99,
      "UnitPrice": 0,
      "Keywords": "bone-&-joint-disorderotc products household supplies",
      "Strength": "Tablet",
      "ProductShortDescription": "",
      "Salts": {
        "NameSearch": "collagen peptide type ii + glucosamine + chondroitin + vitamin d + vitamin c + vitamin e + vitamin b12 + multimineral + ginger extract",
        "SaltStrengthRaw": "Chondroitin Sulphate Sodium 50mg + Collagen (type-2) 40mg + Elemental Copper 0.5mg + Elemental Iron 5mg + Elemental Manganese 2mg + Elemental Selenium 40mcg + Elemental Zinc 5mg + Folic Acid 100mcg + Ginger Extract 40mg + Glucosamine Sulphate Potassium Chloride 750mg + Vitamin B12 1mcg + Vitamin C 30mg + Vitamin D 10mcg (400iu) + Vitamin E (acetate) 10mg",
        "SaltStrength": "CHONDROITINSULPHATESODIUM50MGCOLLAGENTYPE240MGELEMENTALCOPPER0.5MGELEMENTALIRON5MGELEMENTALMANGANESE2MGELEMENTALSELENIUM40MCGELEMENTALZINC5MGFOLICACID100MCGGINGEREXTRACT40MGGLUCOSAMINESULPHATEPOTASSIUMCHLORIDE750MGVITAMINB121MCGVITAMINC30MGVITAMIND10MCG400IUVITAMINEACETATE10MG",
        "Id": "4515",
        "Code": "SN03697",
        "Name": "Collagen Peptide Type Ii + Glucosamine + Chondroitin + Vitamin D + Vitamin C + Vitamin E + Vitamin B12 + Multimineral + Ginger Extract"
      },
      "MfgGroup": "MEYER ORGANICS PVT LTD.",
      "EncodeProdId": "drqkx6",
      "CustDiscPercent": 28,
      "CustOfferPrice": 216.42,
      "PTR": 0,
      "PTRDiscPercent": 0,
      "SchemeFreeBaseQty": 0,
      "OfferCategoryId": 0,
      "OfferCategory": "",
      "OfferTitle": "",
      "OfferImage": "",
      "ApplyPincodeWiseDiscount": false,
      "IsPurchased": 0,
      "DisplayFactor": 1,
      "SKUOrderCount": 11374,
      "MaxSKUOrderCount": 0,
      "PKLotId": "1003303258",
      "SchemeFreeBaseQtyOfferText": "",
      "CustomScoreManipulator": 2742,
      "RecentOrderCount": 1159,
      "RecentProductCount": 2957,
      "RecentCustCount": 532,
      "RefProductId": null,
      "RouteId": 1,
      "BrandImage": "",
      "PrimaryDisease": "",
      "CustHighDisc": 1,
      "OfferPrice": 216.42,
      "DiscountPercent": 28,
      "MinQty": 1,
      "IsOutOfStock": "N",
      "IsCourierable": 1,
      "MRP": 301,
      "ExpiryDate": "2023-12-31T00:00:00.000Z",
      "LastMRP": 301,
      "score": 1
    },
    {
      "ProductName": "Senquel F (New) Foaming Oral Gel",
      "Brand": "Dr. Reddys Laboratories Ltd.(t2)",
      "DosageForm": "paste",
      "PrescriptionOTC": "M",
      "InteractiveModule": null,
      "InteractiveSubModule": "",
      "DeliveryDelayedDay": 0,
      "ProductId": "1270",
      "DisplayName": "Senquel F (New) Foaming Oral Gel 100 g",
      "ProductAliasName": "Senquel F (New) Foaming Oral Gel 100 g",
      "ProductImage": "senquel-f-1406055435-10001266.jpg",
      "IsNew": 1,
      "HasOffer": "N",
      "IsGiftableProduct": 0,
      "IsCustomizable": 0,
      "IsFeatured": 0,
      "DosageRestriction": 3,
      "DosageAlert": 0,
      "Active": 1,
      "ProductStatus": "C",
      "IsRedeemable": 0,
      "DosageFormDisplaySeq": null,
      "DocumentId": "1270",
      "GroupSize": 2,
      "AvgRating": 0,
      "NumRating": 20,
      "OrderCount": 11599,
      "NumCustomer": 3490,
      "DisplayRank": 99,
      "UnitPrice": 119.35,
      "Keywords": "otc products household supplies",
      "Strength": "100 g",
      "ProductShortDescription": "",
      "Salts": {
        "NameSearch": "potassium nitrate + sodium monofluorophosphate + triclosan",
        "SaltStrengthRaw": "Potassium Nitrate 5%w/w + Sodium Mono Fluoro Phosphate 0.7%w/w + Triclosan 0.3%w/w",
        "SaltStrength": "POTASSIUMNITRATE5WWSODIUMMONOFLUOROPHOSPHATE0.7WWTRICLOSAN0.3WW",
        "Id": "1062",
        "Code": "SN01374",
        "Name": "Potassium Nitrate + Sodium Monofluorophosphate + Triclosan"
      },
      "MfgGroup": "Dr. Reddys Laboratories Ltd.(T2)",
      "EncodeProdId": "s5jduf",
      "CustDiscPercent": 18,
      "CustOfferPrice": 119.35,
      "PTR": 0,
      "PTRDiscPercent": 0,
      "SchemeFreeBaseQty": 0,
      "OfferCategoryId": 0,
      "OfferCategory": "",
      "OfferTitle": "",
      "OfferImage": "",
      "ApplyPincodeWiseDiscount": false,
      "IsPurchased": 0,
      "DisplayFactor": 1,
      "SKUOrderCount": 11252,
      "MaxSKUOrderCount": 0,
      "PKLotId": "1003134711",
      "SchemeFreeBaseQtyOfferText": "",
      "CustomScoreManipulator": 3039,
      "RecentOrderCount": 1810,
      "RecentProductCount": 2305,
      "RecentCustCount": 1062,
      "RefProductId": null,
      "RouteId": 0,
      "BrandImage": "",
      "PrimaryDisease": "",
      "CustHighDisc": 0,
      "OfferPrice": 119.35,
      "DiscountPercent": 18,
      "MinQty": 1,
      "IsOutOfStock": "N",
      "IsCourierable": 0,
      "MRP": 146.25,
      "ExpiryDate": "2023-09-01T00:00:00.000Z",
      "LastMRP": 146.25,
      "score": 1
    },
    {
      "ProductName": "Suthol Antiseptic Skin Hygiene Liquid Neem",
      "Brand": "G.d.pharmaceuticals (p) Limited",
      "DosageForm": "skin disinfectant",
      "PrescriptionOTC": "O",
      "InteractiveModule": null,
      "InteractiveSubModule": "",
      "DeliveryDelayedDay": 0,
      "ProductId": "84325",
      "DisplayName": "Suthol Antiseptic Skin Hygiene Liquid Neem 100 ml",
      "ProductAliasName": "Suthol Antiseptic Skin Hygiene Liquid Neem 100 ml",
      "ProductImage": "Borolines-Suthol-Neem-Solution-1556360169-10059356-1.jpg",
      "IsNew": 1,
      "HasOffer": "N",
      "IsGiftableProduct": 0,
      "IsCustomizable": 0,
      "IsFeatured": 0,
      "DosageRestriction": 0,
      "DosageAlert": 0,
      "Active": 1,
      "ProductStatus": "C",
      "IsRedeemable": 0,
      "DosageFormDisplaySeq": null,
      "DocumentId": "84325",
      "GroupSize": 2,
      "AvgRating": 4.62,
      "NumRating": 445,
      "OrderCount": 14953,
      "NumCustomer": 11363,
      "DisplayRank": 99,
      "UnitPrice": 41.88,
      "Keywords": "otc products household supplies",
      "Strength": "100 ml",
      "ProductShortDescription": "",
      "Salts": {},
      "MfgGroup": "G.D.Pharmaceuticals (P) Limited",
      "EncodeProdId": "ebr4kh",
      "CustDiscPercent": 6,
      "CustOfferPrice": 41.88,
      "PTR": 0,
      "PTRDiscPercent": 0,
      "SchemeFreeBaseQty": 0,
      "OfferCategoryId": 0,
      "OfferCategory": "",
      "OfferTitle": "",
      "OfferImage": "",
      "ApplyPincodeWiseDiscount": false,
      "IsPurchased": 0,
      "DisplayFactor": 1,
      "SKUOrderCount": 11214,
      "MaxSKUOrderCount": 0,
      "PKLotId": "1003272385",
      "SchemeFreeBaseQtyOfferText": "",
      "CustomScoreManipulator": 3522,
      "RecentOrderCount": 2217,
      "RecentProductCount": 2570,
      "RecentCustCount": 1938,
      "RefProductId": null,
      "RouteId": 0,
      "BrandImage": "1499230545_suthol.jpg",
      "PrimaryDisease": "",
      "CustHighDisc": 0,
      "OfferPrice": 41.88,
      "DiscountPercent": 6,
      "MinQty": 1,
      "IsOutOfStock": "N",
      "IsCourierable": 1,
      "MRP": 45,
      "ExpiryDate": "2025-01-31T00:00:00.000Z",
      "LastMRP": 45,
      "score": 1
    },
    {
      "ProductName": "Dove Cream Beauty Bathing Bar",
      "Brand": "Hindustan Unilever Ltd.",
      "DosageForm": "soap",
      "PrescriptionOTC": "O",
      "InteractiveModule": null,
      "InteractiveSubModule": "",
      "DeliveryDelayedDay": 0,
      "ProductId": "11307",
      "DisplayName": "Dove Cream Beauty Bathing Bar 50 g",
      "ProductAliasName": "Dove Cream Beauty Bathing Bar 50 g",
      "ProductImage": "Dove-Cream-Beauty-Bathing-Bar-1560502651-10011274-1.jpg",
      "IsNew": 1,
      "HasOffer": "N",
      "IsGiftableProduct": 0,
      "IsCustomizable": 0,
      "IsFeatured": 0,
      "DosageRestriction": 0,
      "DosageAlert": 0,
      "Active": 1,
      "ProductStatus": "C",
      "IsRedeemable": 0,
      "DosageFormDisplaySeq": null,
      "DocumentId": "11307",
      "GroupSize": 4,
      "AvgRating": 4.6,
      "NumRating": 536,
      "OrderCount": 22062,
      "NumCustomer": 15127,
      "DisplayRank": 99,
      "UnitPrice": 48.36,
      "Keywords": "soft clean smooth skin dull mild gentle dovotc products household supplies",
      "Strength": "50 g",
      "ProductShortDescription": "",
      "Salts": {},
      "MfgGroup": "Hindustan Unilever Ltd.",
      "EncodeProdId": "uwrdhc",
      "CustDiscPercent": 3,
      "CustOfferPrice": 24.18,
      "PTR": 0,
      "PTRDiscPercent": 0,
      "SchemeFreeBaseQty": 0,
      "OfferCategoryId": 0,
      "OfferCategory": "",
      "OfferTitle": "",
      "OfferImage": "",
      "ApplyPincodeWiseDiscount": false,
      "IsPurchased": 0,
      "DisplayFactor": 1,
      "SKUOrderCount": 11109,
      "MaxSKUOrderCount": 0,
      "PKLotId": "1003257169",
      "SchemeFreeBaseQtyOfferText": "",
      "CustomScoreManipulator": 3371,
      "RecentOrderCount": 1720,
      "RecentProductCount": 4411,
      "RecentCustCount": 1259,
      "RefProductId": null,
      "RouteId": 0,
      "BrandImage": "1499231141_dove.jpg",
      "PrimaryDisease": "",
      "CustHighDisc": 0,
      "OfferPrice": 24.18,
      "DiscountPercent": 3,
      "MinQty": 1,
      "IsOutOfStock": "N",
      "IsCourierable": 1,
      "MRP": 25,
      "ExpiryDate": "2024-08-31T00:00:00.000Z",
      "LastMRP": 25,
      "score": 1
    },
    {
      "ProductName": "Good Knight Power Activ + Liquid Vaporizer (Special Offer Pack)",
      "Brand": "Godrej Consumer Products Ltd.",
      "DosageForm": "mosquito repellents",
      "PrescriptionOTC": "O",
      "InteractiveModule": null,
      "InteractiveSubModule": "",
      "DeliveryDelayedDay": 0,
      "ProductId": "71654",
      "DisplayName": "Good Knight Power Activ + Liquid Vaporizer (Special Offer Pack) 2 x 45 ml",
      "ProductAliasName": "Good Knight Power Activ + Liquid Vaporizer (Special Offer Pack) 2 x 45 ml",
      "ProductImage": "Good-Knight-Power-Activ--Liquid-Vaporizer-Special-Offer-Pack-1644574131-10046697-1.jpg",
      "IsNew": 1,
      "HasOffer": "Y",
      "IsGiftableProduct": 0,
      "IsCustomizable": 0,
      "IsFeatured": 0,
      "DosageRestriction": 0,
      "DosageAlert": 0,
      "Active": 1,
      "ProductStatus": "C",
      "IsRedeemable": 0,
      "DosageFormDisplaySeq": 35,
      "DocumentId": "71654",
      "GroupSize": 1,
      "AvgRating": 4.61,
      "NumRating": 379,
      "OrderCount": 12174,
      "NumCustomer": 7556,
      "DisplayRank": 99,
      "UnitPrice": 157.1888888888889,
      "Keywords": "cartridge liquidatorotc products household supplies",
      "Strength": "2 x 45 ml",
      "ProductShortDescription": "",
      "Salts": {},
      "MfgGroup": "Godrej Consumer Products Ltd.",
      "EncodeProdId": "e2mpsm",
      "CustDiscPercent": 1,
      "CustOfferPrice": 141.47,
      "PTR": 0,
      "PTRDiscPercent": 0,
      "SchemeFreeBaseQty": 0,
      "OfferCategoryId": 2,
      "OfferCategory": "Extra Offer",
      "OfferTitle": "(Special Offer Pack)",
      "OfferImage": "10046697-1.jpg",
      "ApplyPincodeWiseDiscount": false,
      "IsPurchased": 0,
      "DisplayFactor": 1,
      "SKUOrderCount": 10619,
      "MaxSKUOrderCount": 0,
      "PKLotId": "1003254943",
      "SchemeFreeBaseQtyOfferText": "",
      "CustomScoreManipulator": 3488,
      "RecentOrderCount": 2319,
      "RecentProductCount": 2856,
      "RecentCustCount": 1871,
      "RefProductId": "96367",
      "RouteId": 0,
      "BrandImage": "1499238450_Good-knight.jpg",
      "PrimaryDisease": "",
      "CustHighDisc": 0,
      "OfferPrice": 141.47,
      "DiscountPercent": 1,
      "MinQty": 1,
      "IsOutOfStock": "N",
      "IsCourierable": 1,
      "MRP": 144,
      "ExpiryDate": "2023-11-30T00:00:00.000Z",
      "LastMRP": 144,
      "score": 1
    },
    {
      "ProductName": "Naturolax A Orange Flavour Powder",
      "Brand": "Piramal Enterprises Limited",
      "DosageForm": "powder",
      "PrescriptionOTC": "M",
      "InteractiveModule": null,
      "InteractiveSubModule": "",
      "DeliveryDelayedDay": 30,
      "ProductId": "71757",
      "DisplayName": "Naturolax A Orange Flavour Powder 300 g",
      "ProductAliasName": "Naturolax A Orange Flavour Powder 300 g",
      "ProductImage": "Naturolax-A-1637834654-10046800-1.jpg",
      "IsNew": 1,
      "HasOffer": "Y",
      "IsGiftableProduct": 0,
      "IsCustomizable": 0,
      "IsFeatured": 0,
      "DosageRestriction": 0,
      "DosageAlert": 0,
      "Active": 1,
      "ProductStatus": "C",
      "IsRedeemable": 0,
      "DosageFormDisplaySeq": null,
      "DocumentId": "71757",
      "GroupSize": 3,
      "AvgRating": 0,
      "NumRating": 17,
      "OrderCount": 11480,
      "NumCustomer": 3908,
      "DisplayRank": 99,
      "UnitPrice": 108.14000000000001,
      "Keywords": "stool softener bowel movement constipation naturolax powder 300 gmotc products household supplies",
      "Strength": "300 g",
      "ProductShortDescription": "",
      "Salts": {
        "NameSearch": "ayurvedic medicine",
        "SaltStrengthRaw": "",
        "SaltStrength": "AYURVEDICMEDICINE300G",
        "Id": "2927",
        "Code": "SN02646",
        "Name": "Ayurvedic Medicine"
      },
      "MfgGroup": "Piramal Enterprises Limited",
      "EncodeProdId": "3wdt9k",
      "CustDiscPercent": 14,
      "CustOfferPrice": 324.42,
      "PTR": 0,
      "PTRDiscPercent": 0,
      "SchemeFreeBaseQty": 0,
      "OfferCategoryId": 12,
      "OfferCategory": "Better Your Nutrition Game",
      "OfferTitle": "Ayurveda",
      "OfferImage": "",
      "ApplyPincodeWiseDiscount": false,
      "IsPurchased": 0,
      "DisplayFactor": 1,
      "SKUOrderCount": 10617,
      "MaxSKUOrderCount": 0,
      "PKLotId": "1003260124",
      "SchemeFreeBaseQtyOfferText": "",
      "CustomScoreManipulator": 2948,
      "RecentOrderCount": 1898,
      "RecentProductCount": 2381,
      "RecentCustCount": 952,
      "RefProductId": null,
      "RouteId": 0,
      "BrandImage": "",
      "PrimaryDisease": "constipation",
      "CustHighDisc": 0,
      "OfferPrice": 324.42,
      "DiscountPercent": 14,
      "MinQty": 1,
      "IsOutOfStock": "N",
      "IsCourierable": 1,
      "MRP": 381,
      "ExpiryDate": "2023-11-30T00:00:00.000Z",
      "LastMRP": 381,
      "score": 1
    },
    {
      "ProductName": "Primosa 1000 mg",
      "Brand": "Universal Nutriscience Private Limited",
      "DosageForm": "capsule",
      "PrescriptionOTC": "M",
      "InteractiveModule": null,
      "InteractiveSubModule": "",
      "DeliveryDelayedDay": 0,
      "ProductId": "330",
      "DisplayName": "Primosa 1000 mg 15 Softgels",
      "ProductAliasName": "Primosa 1000 mg 15 Softgels",
      "ProductImage": "Primosa-1594121176-10000659-1.jpg",
      "IsNew": 1,
      "HasOffer": "N",
      "IsGiftableProduct": 0,
      "IsCustomizable": 0,
      "IsFeatured": 0,
      "DosageRestriction": 0,
      "DosageAlert": 0,
      "Active": 1,
      "ProductStatus": "C",
      "IsRedeemable": 0,
      "DosageFormDisplaySeq": null,
      "DocumentId": "330",
      "GroupSize": 1,
      "AvgRating": 0,
      "NumRating": 9,
      "OrderCount": 13554,
      "NumCustomer": 5278,
      "DisplayRank": 99,
      "UnitPrice": 0,
      "Keywords": "ovarian,-menstruation,-other-women-related-diseaseotc products household supplies",
      "Strength": "15 Softgels",
      "ProductShortDescription": "",
      "Salts": {
        "NameSearch": "evening primrose oil",
        "SaltStrengthRaw": "Nutraceutical",
        "SaltStrength": "NUTRACEUTICAL",
        "Id": "4373",
        "Code": "SN03565",
        "Name": "Evening Primrose Oil"
      },
      "MfgGroup": "Universal Nutriscience Private Limited",
      "EncodeProdId": "zxh4gt",
      "CustDiscPercent": 14,
      "CustOfferPrice": 288.23,
      "PTR": 0,
      "PTRDiscPercent": 0,
      "SchemeFreeBaseQty": 0,
      "OfferCategoryId": 0,
      "OfferCategory": "",
      "OfferTitle": "",
      "OfferImage": "",
      "ApplyPincodeWiseDiscount": false,
      "IsPurchased": 0,
      "DisplayFactor": 1,
      "SKUOrderCount": 10367,
      "MaxSKUOrderCount": 0,
      "PKLotId": "1003121955",
      "SchemeFreeBaseQtyOfferText": "",
      "CustomScoreManipulator": 2602,
      "RecentOrderCount": 1326,
      "RecentProductCount": 2217,
      "RecentCustCount": 714,
      "RefProductId": null,
      "RouteId": 0,
      "BrandImage": "",
      "PrimaryDisease": "ovarian, menstruation, other women related disease",
      "CustHighDisc": 0,
      "OfferPrice": 288.23,
      "DiscountPercent": 14,
      "MinQty": 1,
      "IsOutOfStock": "N",
      "IsCourierable": 1,
      "MRP": 338.5,
      "ExpiryDate": "2023-09-30T00:00:00.000Z",
      "LastMRP": 338.5,
      "score": 1
    },
    {
      "ProductName": "Palmiges",
      "Brand": "La Renon Healthcare Pvt Ltd",
      "DosageForm": "capsule",
      "PrescriptionOTC": "M",
      "InteractiveModule": null,
      "InteractiveSubModule": "",
      "DeliveryDelayedDay": 0,
      "ProductId": "49868",
      "DisplayName": "Palmiges 10 Capsules",
      "ProductAliasName": "Palmiges 10 Capsules",
      "ProductImage": "Palmiges-1637136171-10037244-1.jpg",
      "IsNew": 1,
      "HasOffer": "N",
      "IsGiftableProduct": 0,
      "IsCustomizable": 0,
      "IsFeatured": 0,
      "DosageRestriction": 0,
      "DosageAlert": 0,
      "Active": 1,
      "ProductStatus": "C",
      "IsRedeemable": 0,
      "DosageFormDisplaySeq": null,
      "DocumentId": "49868",
      "GroupSize": 1,
      "AvgRating": 0,
      "NumRating": 15,
      "OrderCount": 10284,
      "NumCustomer": 3175,
      "DisplayRank": 99,
      "UnitPrice": 0,
      "Keywords": "neuro-psychiatric-disorderotc products household supplies",
      "Strength": "10 Capsules",
      "ProductShortDescription": "",
      "Salts": {
        "NameSearch": "pea + genistein + daidzein",
        "SaltStrengthRaw": "Daidzein 50mg + Genistein 4mg + Palmitoylethanolamide (micronized Grade) 300mg",
        "SaltStrength": "DAIDZEIN50MGGENISTEIN4MGPALMITOYLETHANOLAMIDEMICRONIZEDGRADE300MG",
        "Id": "3679",
        "Code": "SN02941",
        "Name": "Pea + Genistein + Daidzein"
      },
      "MfgGroup": "LA Renon Healthcare Pvt Ltd",
      "EncodeProdId": "5c5zwr",
      "CustDiscPercent": 14,
      "CustOfferPrice": 257.15,
      "PTR": 0,
      "PTRDiscPercent": 0,
      "SchemeFreeBaseQty": 0,
      "OfferCategoryId": 0,
      "OfferCategory": "",
      "OfferTitle": "",
      "OfferImage": "",
      "ApplyPincodeWiseDiscount": false,
      "IsPurchased": 0,
      "DisplayFactor": 1,
      "SKUOrderCount": 10284,
      "MaxSKUOrderCount": 0,
      "PKLotId": "1003206592",
      "SchemeFreeBaseQtyOfferText": "",
      "CustomScoreManipulator": 2949,
      "RecentOrderCount": 1562,
      "RecentProductCount": 4126,
      "RecentCustCount": 688,
      "RefProductId": null,
      "RouteId": 0,
      "BrandImage": "",
      "PrimaryDisease": "",
      "CustHighDisc": 0,
      "OfferPrice": 257.15,
      "DiscountPercent": 14,
      "MinQty": 1,
      "IsOutOfStock": "N",
      "IsCourierable": 1,
      "MRP": 302,
      "ExpiryDate": "2023-08-31T00:00:00.000Z",
      "LastMRP": 302,
      "score": 1
    },
    {
      "ProductName": "Patanjali Saundarya Aloevera Gel",
      "Brand": "Patanjali Ayurved Ltd.",
      "DosageForm": "aloe vera gel",
      "PrescriptionOTC": "O",
      "InteractiveModule": null,
      "InteractiveSubModule": "",
      "DeliveryDelayedDay": 0,
      "ProductId": "15354",
      "DisplayName": "Patanjali Saundarya Aloevera Gel 150 ml",
      "ProductAliasName": "Patanjali Saundarya Aloevera Gel 150 ml",
      "ProductImage": "Patanjali-Saundarya-Aloevera-Gel-1605253062-10014719-1.jpg",
      "IsNew": 1,
      "HasOffer": "N",
      "IsGiftableProduct": 0,
      "IsCustomizable": 0,
      "IsFeatured": 0,
      "DosageRestriction": 0,
      "DosageAlert": 0,
      "Active": 1,
      "ProductStatus": "C",
      "IsRedeemable": 0,
      "DosageFormDisplaySeq": null,
      "DocumentId": "15354",
      "GroupSize": 2,
      "AvgRating": 4.5,
      "NumRating": 682,
      "OrderCount": 15453,
      "NumCustomer": 11503,
      "DisplayRank": 0,
      "UnitPrice": 58.82666666666666,
      "Keywords": "glow glowing  skin face womenday patanzali patanjaliotc products household supplies",
      "Strength": "150 ml",
      "ProductShortDescription": "",
      "Salts": {},
      "MfgGroup": "Patanjali Ayurved Ltd.",
      "EncodeProdId": "gcv2wx",
      "CustDiscPercent": 1,
      "CustOfferPrice": 88.24,
      "PTR": 0,
      "PTRDiscPercent": 0,
      "SchemeFreeBaseQty": 0,
      "OfferCategoryId": 0,
      "OfferCategory": "",
      "OfferTitle": "",
      "OfferImage": "",
      "ApplyPincodeWiseDiscount": false,
      "IsPurchased": 0,
      "DisplayFactor": 1,
      "SKUOrderCount": 10027,
      "MaxSKUOrderCount": 0,
      "PKLotId": "1003307002",
      "SchemeFreeBaseQtyOfferText": "",
      "CustomScoreManipulator": 2855,
      "RecentOrderCount": 1650,
      "RecentProductCount": 1895,
      "RecentCustCount": 1396,
      "RefProductId": null,
      "RouteId": 0,
      "BrandImage": "1499253411_Patanjali.jpg",
      "PrimaryDisease": "",
      "CustHighDisc": 0,
      "OfferPrice": 88.24,
      "DiscountPercent": 1,
      "MinQty": 1,
      "IsOutOfStock": "N",
      "IsCourierable": 1,
      "MRP": 90,
      "ExpiryDate": "2023-07-31T00:00:00.000Z",
      "LastMRP": 90,
      "score": 1
    },
    {
      "ProductName": "Digene (Mixed Fruit Flavour)",
      "Brand": "Abbott India Limited(g)",
      "DosageForm": "tablet.",
      "PrescriptionOTC": "M",
      "InteractiveModule": null,
      "InteractiveSubModule": "",
      "DeliveryDelayedDay": 0,
      "ProductId": "24518",
      "DisplayName": "Digene (Mixed Fruit Flavour) 15 Tablets",
      "ProductAliasName": "Digene (Mixed Fruit Flavour) 15 Tablets",
      "ProductImage": "Digene-Mixed-Fruit-1599478589-10023573-1.jpg",
      "IsNew": 1,
      "HasOffer": "N",
      "IsGiftableProduct": 0,
      "IsCustomizable": 0,
      "IsFeatured": 0,
      "DosageRestriction": 0,
      "DosageAlert": 0,
      "Active": 1,
      "ProductStatus": "C",
      "IsRedeemable": 0,
      "DosageFormDisplaySeq": null,
      "DocumentId": "2498",
      "GroupSize": 2,
      "AvgRating": 0,
      "NumRating": 26,
      "OrderCount": 11038,
      "NumCustomer": 5350,
      "DisplayRank": 99,
      "UnitPrice": 0,
      "Keywords": "gastritis gastric hyperacidity indigestion acidity gas digene (mixed fruit) tablet (12 tab)otc products household supplies",
      "Strength": "15 Tablets",
      "ProductShortDescription": "",
      "Salts": {
        "NameSearch": "aluminium hydroxide + magnesium hydroxide + magnesium aluminium silicate hydrate + simethicone",
        "SaltStrengthRaw": "Each Uncoated Chewable Tablet Contains:<br>dried Aluminium Hydroxide Gel 300mg + Magnesium Aluminium Silicate Hydrate 50mg + Magnesium Hydroxide 25mg + Simethicone 25mg",
        "SaltStrength": "EACHUNCOATEDCHEWABLETABLETCONTAINSBRDRIEDALUMINIUMHYDROXIDEGEL300MGMAGNESIUMALUMINIUMSILICATEHYDRATE50MGMAGNESIUMHYDROXIDE25MGSIMETHICONE25MG",
        "Id": "3761",
        "Code": "SN03093",
        "Name": "Aluminium Hydroxide + Magnesium Hydroxide + Magnesium Aluminium Silicate Hydrate + Simethicone"
      },
      "MfgGroup": "Abbott India Limited(G)",
      "EncodeProdId": "pgu3x4",
      "CustDiscPercent": 23,
      "CustOfferPrice": 16.72,
      "PTR": 0,
      "PTRDiscPercent": 0,
      "SchemeFreeBaseQty": 0,
      "OfferCategoryId": 0,
      "OfferCategory": "",
      "OfferTitle": "",
      "OfferImage": "",
      "ApplyPincodeWiseDiscount": false,
      "IsPurchased": 0,
      "DisplayFactor": 1,
      "SKUOrderCount": 9898,
      "MaxSKUOrderCount": 0,
      "PKLotId": "1003195790",
      "SchemeFreeBaseQtyOfferText": "",
      "CustomScoreManipulator": 2772,
      "RecentOrderCount": 1492,
      "RecentProductCount": 2922,
      "RecentCustCount": 932,
      "RefProductId": null,
      "RouteId": 1,
      "BrandImage": null,
      "PrimaryDisease": "",
      "CustHighDisc": 1,
      "OfferPrice": 16.72,
      "DiscountPercent": 23,
      "MinQty": 1,
      "IsOutOfStock": "N",
      "IsCourierable": 1,
      "MRP": 21.95,
      "ExpiryDate": "2024-11-30T00:00:00.000Z",
      "LastMRP": 21.95,
      "score": 1
    },
    {
      "ProductName": "Amrutanjan Comfy Snug Fit Dry Regular Sanitary Pads",
      "Brand": "Amrutanjan Health Care Ltd.",
      "DosageForm": "sanitary pads",
      "PrescriptionOTC": "O",
      "InteractiveModule": null,
      "InteractiveSubModule": "",
      "DeliveryDelayedDay": 0,
      "ProductId": "48268",
      "DisplayName": "Amrutanjan Comfy Snug Fit Dry Regular Sanitary Pads Pack Of 6",
      "ProductAliasName": "Amrutanjan Comfy Snug Fit Dry Regular Sanitary Pads Pack Of 6",
      "ProductImage": "Amrutanjan-Comfy-Snug-Fit-1594880243-10035640-1.jpg",
      "IsNew": 1,
      "HasOffer": "N",
      "IsGiftableProduct": 0,
      "IsCustomizable": 0,
      "IsFeatured": 0,
      "DosageRestriction": 90,
      "DosageAlert": 0,
      "Active": 1,
      "ProductStatus": "C",
      "IsRedeemable": 0,
      "DosageFormDisplaySeq": null,
      "DocumentId": "48268",
      "GroupSize": 2,
      "AvgRating": 4.31,
      "NumRating": 386,
      "OrderCount": 11553,
      "NumCustomer": 5738,
      "DisplayRank": 99,
      "UnitPrice": 0,
      "Keywords": "woman women female feminine hygiene leak proof dry quick absorb regular womenday amru tanjan amritanjanotc products household supplies",
      "Strength": "Pack Of 6",
      "ProductShortDescription": "",
      "Salts": {},
      "MfgGroup": "Amrutanjan Health Care Ltd.",
      "EncodeProdId": "vbq9y7",
      "CustDiscPercent": 8,
      "CustOfferPrice": 20.05,
      "PTR": 0,
      "PTRDiscPercent": 0,
      "SchemeFreeBaseQty": 0,
      "OfferCategoryId": 0,
      "OfferCategory": "",
      "OfferTitle": "",
      "OfferImage": "",
      "ApplyPincodeWiseDiscount": false,
      "IsPurchased": 0,
      "DisplayFactor": 1,
      "SKUOrderCount": 9878,
      "MaxSKUOrderCount": 0,
      "PKLotId": "1003162376",
      "SchemeFreeBaseQtyOfferText": "",
      "CustomScoreManipulator": 3496,
      "RecentOrderCount": 2141,
      "RecentProductCount": 5068,
      "RecentCustCount": 1440,
      "RefProductId": null,
      "RouteId": 0,
      "BrandImage": "1499175198_amrutanjan.jpg",
      "PrimaryDisease": "",
      "CustHighDisc": 0,
      "OfferPrice": 20.05,
      "DiscountPercent": 8,
      "MinQty": 1,
      "IsOutOfStock": "N",
      "IsCourierable": 1,
      "MRP": 22,
      "ExpiryDate": "2024-12-31T00:00:00.000Z",
      "LastMRP": 22,
      "score": 1
    },
    {
      "ProductName": "Dabur Sat Isabgol Husk",
      "Brand": "Dabur India Limited",
      "DosageForm": "constipation & laxatives",
      "PrescriptionOTC": "O",
      "InteractiveModule": null,
      "InteractiveSubModule": "",
      "DeliveryDelayedDay": 30,
      "ProductId": "4078",
      "DisplayName": "Dabur Sat Isabgol Husk 100 g",
      "ProductAliasName": "Dabur Sat Isabgol Husk 100 g",
      "ProductImage": "Sat-Isabgol-Dabur-Husk-1551700757-10004591-1.jpg",
      "IsNew": 1,
      "HasOffer": "N",
      "IsGiftableProduct": 0,
      "IsCustomizable": 0,
      "IsFeatured": 0,
      "DosageRestriction": 0,
      "DosageAlert": 0,
      "Active": 1,
      "ProductStatus": "C",
      "IsRedeemable": 0,
      "DosageFormDisplaySeq": null,
      "DocumentId": "4078",
      "GroupSize": 3,
      "AvgRating": 4.5,
      "NumRating": 558,
      "OrderCount": 21011,
      "NumCustomer": 11294,
      "DisplayRank": 0,
      "UnitPrice": 104.08,
      "Keywords": "constipation stool softner constepation constipetion  isabgulotc products household supplies",
      "Strength": "100 g",
      "ProductShortDescription": "",
      "Salts": {},
      "MfgGroup": "Dabur India Limited",
      "EncodeProdId": "8j26rb",
      "CustDiscPercent": 5,
      "CustOfferPrice": 104.08,
      "PTR": 0,
      "PTRDiscPercent": 0,
      "SchemeFreeBaseQty": 0,
      "OfferCategoryId": 0,
      "OfferCategory": "",
      "OfferTitle": "",
      "OfferImage": "",
      "ApplyPincodeWiseDiscount": false,
      "IsPurchased": 0,
      "DisplayFactor": 1,
      "SKUOrderCount": 9789,
      "MaxSKUOrderCount": 0,
      "PKLotId": "1003293010",
      "SchemeFreeBaseQtyOfferText": "",
      "CustomScoreManipulator": 2094,
      "RecentOrderCount": 795,
      "RecentProductCount": 933,
      "RecentCustCount": 591,
      "RefProductId": null,
      "RouteId": 0,
      "BrandImage": "1495115423_DABUR.jpg",
      "PrimaryDisease": "constipation",
      "CustHighDisc": 0,
      "OfferPrice": 104.08,
      "DiscountPercent": 5,
      "MinQty": 1,
      "IsOutOfStock": "N",
      "IsCourierable": 1,
      "MRP": 110,
      "ExpiryDate": "2023-04-30T00:00:00.000Z",
      "LastMRP": 110,
      "score": 1
    },
    {
      "ProductName": "Indulekha Bringha Hair Cleanser Hairfall",
      "Brand": "Hindustan Unilever Ltd.",
      "DosageForm": "shampoo",
      "PrescriptionOTC": "O",
      "InteractiveModule": null,
      "InteractiveSubModule": "",
      "DeliveryDelayedDay": 0,
      "ProductId": "69717",
      "DisplayName": "Indulekha Bringha Hair Cleanser Hairfall 7.5 ml",
      "ProductAliasName": "Indulekha Bringha Hair Cleanser Hairfall 7.5 ml",
      "ProductImage": "Indulekha-Bringha-Hair-Cleanser-Hairfall-1562058969-10044753-1.jpg",
      "IsNew": 1,
      "HasOffer": "N",
      "IsGiftableProduct": 0,
      "IsCustomizable": 0,
      "IsFeatured": 0,
      "DosageRestriction": 0,
      "DosageAlert": 0,
      "Active": 1,
      "ProductStatus": "C",
      "IsRedeemable": 0,
      "DosageFormDisplaySeq": null,
      "DocumentId": "69715",
      "GroupSize": 5,
      "AvgRating": 4.28,
      "NumRating": 471,
      "OrderCount": 16282,
      "NumCustomer": 8894,
      "DisplayRank": 99,
      "UnitPrice": 61.06666666666667,
      "Keywords": "hair smooth manageable strong anti hairfall damage shampo shampu fall indulekha bringha cleanser 5.5 mlotc products household supplies",
      "Strength": "7.5 ml",
      "ProductShortDescription": "",
      "Salts": {},
      "MfgGroup": "Hindustan Unilever Ltd.",
      "EncodeProdId": "jay6d4",
      "CustDiscPercent": 8,
      "CustOfferPrice": 4.58,
      "PTR": 0,
      "PTRDiscPercent": 0,
      "SchemeFreeBaseQty": 0,
      "OfferCategoryId": 0,
      "OfferCategory": "",
      "OfferTitle": "",
      "OfferImage": "",
      "ApplyPincodeWiseDiscount": false,
      "IsPurchased": 0,
      "DisplayFactor": 1,
      "SKUOrderCount": 9635,
      "MaxSKUOrderCount": 0,
      "PKLotId": "1003141577",
      "SchemeFreeBaseQtyOfferText": "",
      "CustomScoreManipulator": 5824,
      "RecentOrderCount": 2015,
      "RecentProductCount": 21649,
      "RecentCustCount": 1215,
      "RefProductId": null,
      "RouteId": 0,
      "BrandImage": "1520592894_indulekha.jpg",
      "PrimaryDisease": "",
      "CustHighDisc": 0,
      "OfferPrice": 4.58,
      "DiscountPercent": 8,
      "MinQty": 1,
      "IsOutOfStock": "N",
      "IsCourierable": 1,
      "MRP": 5,
      "ExpiryDate": "2023-03-31T00:00:00.000Z",
      "LastMRP": 5,
      "score": 1
    },
    {
      "ProductName": "Sensodyne Fresh Mint Toothpaste",
      "Brand": "Glaxosmithkline Asia Pvt. Ltd.",
      "DosageForm": "toothpaste",
      "PrescriptionOTC": "O",
      "InteractiveModule": null,
      "InteractiveSubModule": "",
      "DeliveryDelayedDay": 0,
      "ProductId": "13348",
      "DisplayName": "Sensodyne Fresh Mint Toothpaste 150 g",
      "ProductAliasName": "Sensodyne Fresh Mint Toothpaste 150 g",
      "ProductImage": "Sensodyne-Fresh-Mint-Toothpaste-1612243708-10013320-1.jpg",
      "IsNew": 1,
      "HasOffer": "N",
      "IsGiftableProduct": 0,
      "IsCustomizable": 0,
      "IsFeatured": 0,
      "DosageRestriction": 0,
      "DosageAlert": 0,
      "Active": 1,
      "ProductStatus": "C",
      "IsRedeemable": 0,
      "DosageFormDisplaySeq": null,
      "DocumentId": "3968",
      "GroupSize": 3,
      "AvgRating": 4.54,
      "NumRating": 591,
      "OrderCount": 20939,
      "NumCustomer": 13651,
      "DisplayRank": 0,
      "UnitPrice": 134.54,
      "Keywords": "teeth germ dental  gum mouth odour tooth paste sensodineotc products household supplies",
      "Strength": "150 g",
      "ProductShortDescription": "",
      "Salts": {},
      "MfgGroup": "GlaxoSmithKline Asia Pvt. Ltd.",
      "EncodeProdId": "z6ggyu",
      "CustDiscPercent": 3,
      "CustOfferPrice": 201.81,
      "PTR": 0,
      "PTRDiscPercent": 0,
      "SchemeFreeBaseQty": 0,
      "OfferCategoryId": 0,
      "OfferCategory": "",
      "OfferTitle": "",
      "OfferImage": "",
      "ApplyPincodeWiseDiscount": false,
      "IsPurchased": 0,
      "DisplayFactor": 1,
      "SKUOrderCount": 9507,
      "MaxSKUOrderCount": 0,
      "PKLotId": "1003208695",
      "SchemeFreeBaseQtyOfferText": "",
      "CustomScoreManipulator": 3127,
      "RecentOrderCount": 2165,
      "RecentProductCount": 2364,
      "RecentCustCount": 1680,
      "RefProductId": null,
      "RouteId": 0,
      "BrandImage": "1495115154_sensodyne.jpg",
      "PrimaryDisease": "",
      "CustHighDisc": 0,
      "OfferPrice": 201.81,
      "DiscountPercent": 3,
      "MinQty": 1,
      "IsOutOfStock": "N",
      "IsCourierable": 1,
      "MRP": 210,
      "ExpiryDate": "2023-10-31T00:00:00.000Z",
      "LastMRP": 210,
      "score": 1
    },
    {
      "ProductName": "Lactonic Granules Elaichi Flavour",
      "Brand": "Alembic Pharmaceuticals Limited",
      "DosageForm": "womens wellness",
      "PrescriptionOTC": "M",
      "InteractiveModule": null,
      "InteractiveSubModule": "",
      "DeliveryDelayedDay": 0,
      "ProductId": "25766",
      "DisplayName": "Lactonic Granules Elaichi Flavour 200 g",
      "ProductAliasName": "Lactonic Granules Elaichi Flavour 200 g",
      "ProductImage": "Lactonic-Granules-Elaichi-Flavour-1639562160-10024823-1.jpg",
      "IsNew": 1,
      "HasOffer": "N",
      "IsGiftableProduct": 0,
      "IsCustomizable": 0,
      "IsFeatured": 0,
      "DosageRestriction": 0,
      "DosageAlert": 0,
      "Active": 1,
      "ProductStatus": "C",
      "IsRedeemable": 0,
      "DosageFormDisplaySeq": null,
      "DocumentId": "25766",
      "GroupSize": 1,
      "AvgRating": 0,
      "NumRating": 41,
      "OrderCount": 9494,
      "NumCustomer": 4361,
      "DisplayRank": 99,
      "UnitPrice": 134.78,
      "Keywords": "breast milk baby lactonic granules 200 gmotc products household supplies",
      "Strength": "200 g",
      "ProductShortDescription": "",
      "Salts": {
        "NameSearch": "nutritional supplement",
        "SaltStrengthRaw": "Asparagus Racemosus + Anethum Sowa + Ipomoea Digitata + Glycyrrhiza Glabra + Spinacia Oleracea + Cuminum Cyminum + Kusha + Kasha + Sara + Darbha + Ikshumoola",
        "SaltStrength": "ANETHUMSOWAASPARAGUSRACEMOSUSCUMINUMCYMINUMDARBHAGLYCYRRHIZAGLABRAIKSHUMOOLAIPOMOEADIGITATAKASHAKUSHASARASPINACIAOLERACEA",
        "Id": "2916",
        "Code": "SN02635",
        "Name": "Nutritional Supplement"
      },
      "MfgGroup": "Alembic Pharmaceuticals Limited",
      "EncodeProdId": "y93ug8",
      "CustDiscPercent": 19,
      "CustOfferPrice": 269.56,
      "PTR": 0,
      "PTRDiscPercent": 0,
      "SchemeFreeBaseQty": 0,
      "OfferCategoryId": 0,
      "OfferCategory": "",
      "OfferTitle": "",
      "OfferImage": "",
      "ApplyPincodeWiseDiscount": false,
      "IsPurchased": 0,
      "DisplayFactor": 1,
      "SKUOrderCount": 9494,
      "MaxSKUOrderCount": 0,
      "PKLotId": "1003252499",
      "SchemeFreeBaseQtyOfferText": "",
      "CustomScoreManipulator": 2576,
      "RecentOrderCount": 1576,
      "RecentProductCount": 2014,
      "RecentCustCount": 852,
      "RefProductId": null,
      "RouteId": 0,
      "BrandImage": "1499244169_Lactonic.jpg",
      "PrimaryDisease": "",
      "CustHighDisc": 0,
      "OfferPrice": 269.56,
      "DiscountPercent": 19,
      "MinQty": 1,
      "IsOutOfStock": "N",
      "IsCourierable": 1,
      "MRP": 333,
      "ExpiryDate": "2023-12-31T00:00:00.000Z",
      "LastMRP": 333,
      "score": 1
    },
    {
      "ProductName": "Multivite Gold",
      "Brand": "Universal Nutriscience Private Limited",
      "DosageForm": "capsule",
      "PrescriptionOTC": "M",
      "InteractiveModule": null,
      "InteractiveSubModule": "",
      "DeliveryDelayedDay": 0,
      "ProductId": "761",
      "DisplayName": "Multivite Gold 15 Softgels",
      "ProductAliasName": "Multivite Gold 15 Softgels",
      "ProductImage": "Multivite-Gold-1594121167-10000528-1.jpg",
      "IsNew": 1,
      "HasOffer": "N",
      "IsGiftableProduct": 0,
      "IsCustomizable": 0,
      "IsFeatured": 0,
      "DosageRestriction": 0,
      "DosageAlert": 0,
      "Active": 1,
      "ProductStatus": "C",
      "IsRedeemable": 0,
      "DosageFormDisplaySeq": null,
      "DocumentId": "761",
      "GroupSize": 1,
      "AvgRating": 0,
      "NumRating": 5,
      "OrderCount": 9355,
      "NumCustomer": 2836,
      "DisplayRank": 99,
      "UnitPrice": 0,
      "Keywords": "nutritional-&-allied-deficiencyotc products household supplies",
      "Strength": "15 Softgels",
      "ProductShortDescription": "",
      "Salts": {
        "NameSearch": "green tea extract + ginseng + ginkgo biloba + amino acids + multivitamin + multimineral",
        "SaltStrengthRaw": "Nutraceutical",
        "SaltStrength": "NUTRACEUTICAL",
        "Id": "4370",
        "Code": "SN03562",
        "Name": "Green Tea Extract + Ginseng + Ginkgo Biloba + Amino Acids + Multivitamin + Multimineral"
      },
      "MfgGroup": "Universal Nutriscience Private Limited",
      "EncodeProdId": "uthsry",
      "CustDiscPercent": 14,
      "CustOfferPrice": 204.36,
      "PTR": 0,
      "PTRDiscPercent": 0,
      "SchemeFreeBaseQty": 0,
      "OfferCategoryId": 0,
      "OfferCategory": "",
      "OfferTitle": "",
      "OfferImage": "",
      "ApplyPincodeWiseDiscount": false,
      "IsPurchased": 0,
      "DisplayFactor": 1,
      "SKUOrderCount": 9355,
      "MaxSKUOrderCount": 0,
      "PKLotId": "1003141996",
      "SchemeFreeBaseQtyOfferText": "",
      "CustomScoreManipulator": 2087,
      "RecentOrderCount": 862,
      "RecentProductCount": 1540,
      "RecentCustCount": 430,
      "RefProductId": null,
      "RouteId": 0,
      "BrandImage": "",
      "PrimaryDisease": "",
      "CustHighDisc": 0,
      "OfferPrice": 204.36,
      "DiscountPercent": 14,
      "MinQty": 1,
      "IsOutOfStock": "N",
      "IsCourierable": 1,
      "MRP": 240,
      "ExpiryDate": "2023-06-30T00:00:00.000Z",
      "LastMRP": 240,
      "score": 1
    },
    {
      "ProductName": "B Tex Ointment",
      "Brand": "B-tex Ointment Mfg. Co.",
      "DosageForm": "anti fungal cream",
      "PrescriptionOTC": "O",
      "InteractiveModule": null,
      "InteractiveSubModule": "",
      "DeliveryDelayedDay": 30,
      "ProductId": "3732",
      "DisplayName": "B Tex Ointment 14 g",
      "ProductAliasName": "B Tex Ointment 14 g",
      "ProductImage": "B-Tex-Ointment-1594279486-10004243-1.jpg",
      "IsNew": 1,
      "HasOffer": "N",
      "IsGiftableProduct": 0,
      "IsCustomizable": 0,
      "IsFeatured": 0,
      "DosageRestriction": 0,
      "DosageAlert": 0,
      "Active": 1,
      "ProductStatus": "C",
      "IsRedeemable": 0,
      "DosageFormDisplaySeq": null,
      "DocumentId": "3732",
      "GroupSize": 1,
      "AvgRating": 4.4,
      "NumRating": 264,
      "OrderCount": 9315,
      "NumCustomer": 5535,
      "DisplayRank": 0,
      "UnitPrice": 123.07142857142857,
      "Keywords": "eczema ringworm itches  hil heal skeen ichingotc products household supplies",
      "Strength": "14 g",
      "ProductShortDescription": "",
      "Salts": {},
      "MfgGroup": "B-Tex Ointment Mfg. Co.",
      "EncodeProdId": "r9g657",
      "CustDiscPercent": 13,
      "CustOfferPrice": 17.23,
      "PTR": 0,
      "PTRDiscPercent": 0,
      "SchemeFreeBaseQty": 0,
      "OfferCategoryId": 0,
      "OfferCategory": "",
      "OfferTitle": "",
      "OfferImage": "",
      "ApplyPincodeWiseDiscount": false,
      "IsPurchased": 0,
      "DisplayFactor": 1,
      "SKUOrderCount": 9315,
      "MaxSKUOrderCount": 0,
      "PKLotId": "1003232286",
      "SchemeFreeBaseQtyOfferText": "",
      "CustomScoreManipulator": 2587,
      "RecentOrderCount": 1342,
      "RecentProductCount": 2326,
      "RecentCustCount": 1059,
      "RefProductId": null,
      "RouteId": 0,
      "BrandImage": null,
      "PrimaryDisease": "",
      "CustHighDisc": 0,
      "OfferPrice": 17.23,
      "DiscountPercent": 13,
      "MinQty": 1,
      "IsOutOfStock": "N",
      "IsCourierable": 1,
      "MRP": 20,
      "ExpiryDate": "2024-08-31T00:00:00.000Z",
      "LastMRP": 20,
      "score": 1
    },
    {
      "ProductName": "Disprin (Regular)",
      "Brand": "Reckitt Benckiser (india) Pvt.ltd.(haryana)",
      "DosageForm": "tablet.",
      "PrescriptionOTC": "M",
      "InteractiveModule": null,
      "InteractiveSubModule": "",
      "DeliveryDelayedDay": 0,
      "ProductId": "78935",
      "DisplayName": "Disprin (Regular) 325 mg Tablet (10 Tab)",
      "ProductAliasName": "Disprin (Regular) 325 mg Tablet (10 Tab)",
      "ProductImage": "Disprin-Regular-1590214431-10053983-1.jpg",
      "IsNew": 1,
      "HasOffer": "N",
      "IsGiftableProduct": 0,
      "IsCustomizable": 0,
      "IsFeatured": 0,
      "DosageRestriction": 0,
      "DosageAlert": 0,
      "Active": 1,
      "ProductStatus": "C",
      "IsRedeemable": 0,
      "DosageFormDisplaySeq": null,
      "DocumentId": "78935",
      "GroupSize": 1,
      "AvgRating": 0,
      "NumRating": 13,
      "OrderCount": 9310,
      "NumCustomer": 6118,
      "DisplayRank": 99,
      "UnitPrice": 0,
      "Keywords": "pain-&-inflamationotc products household supplies",
      "Strength": "325 mg Tablet",
      "ProductShortDescription": "",
      "Salts": {
        "NameSearch": "aspirin",
        "SaltStrengthRaw": "Acetyl Salicylic Acid 325mg (effervescent Base)",
        "SaltStrength": "ACETYLSALICYLICACID325MGEFFERVESCENTBASE",
        "Id": "2026",
        "Code": "SN02100",
        "Name": "Aspirin"
      },
      "MfgGroup": "Reckitt Benckiser (India) Pvt.Ltd.(Haryana)",
      "EncodeProdId": "rxe7gy",
      "CustDiscPercent": 4,
      "CustOfferPrice": 10.68,
      "PTR": 0,
      "PTRDiscPercent": 0,
      "SchemeFreeBaseQty": 0,
      "OfferCategoryId": 0,
      "OfferCategory": "",
      "OfferTitle": "",
      "OfferImage": "",
      "ApplyPincodeWiseDiscount": false,
      "IsPurchased": 0,
      "DisplayFactor": 1,
      "SKUOrderCount": 9310,
      "MaxSKUOrderCount": 0,
      "PKLotId": "1002529052",
      "SchemeFreeBaseQtyOfferText": "",
      "CustomScoreManipulator": 4810,
      "RecentOrderCount": 3182,
      "RecentProductCount": 9418,
      "RecentCustCount": 2534,
      "RefProductId": null,
      "RouteId": 1,
      "BrandImage": "",
      "PrimaryDisease": "",
      "CustHighDisc": 0,
      "OfferPrice": 10.68,
      "DiscountPercent": 4,
      "MinQty": 1,
      "IsOutOfStock": "N",
      "IsCourierable": 1,
      "MRP": 11.2,
      "ExpiryDate": "2024-04-30T00:00:00.000Z",
      "LastMRP": 11.2,
      "score": 1
    },
    {
      "ProductName": "Riflux Fortz",
      "Brand": "Dr. Reddy,s Laboratories Ltd.",
      "DosageForm": "tablet.",
      "PrescriptionOTC": "P",
      "InteractiveModule": "",
      "InteractiveSubModule": "",
      "DeliveryDelayedDay": 0,
      "ProductId": "22485",
      "DisplayName": "Riflux Fortz Tablet (15 Tab)",
      "ProductAliasName": "Riflux Fortz Tablet (15 Tab)",
      "ProductImage": "Riflux-Fortz-1528369695-10021535.jpg",
      "IsNew": 1,
      "HasOffer": "N",
      "IsGiftableProduct": 0,
      "IsCustomizable": 0,
      "IsFeatured": 0,
      "DosageRestriction": 0,
      "DosageAlert": 0,
      "Active": 1,
      "ProductStatus": "C",
      "IsRedeemable": 0,
      "DosageFormDisplaySeq": null,
      "DocumentId": "22485",
      "GroupSize": 1,
      "AvgRating": 0,
      "NumRating": 0,
      "OrderCount": 0,
      "NumCustomer": 0,
      "DisplayRank": 99,
      "UnitPrice": 0,
      "Keywords": "gastritis gastric hyperacidity indigestion acidity gas gastro-intestinal-disorder riflux forte tablet (8 tab) medicine",
      "Strength": "Tablet",
      "ProductShortDescription": "",
      "Salts": {
        "NameSearch": "aluminium hydroxide + magnesium hydroxide + magnesium aluminium silicate hydrate + dimethicone",
        "SaltStrengthRaw": "Activated Dimethicone 50mg + Aluminium Magnesium Silicate 50mg + Dried Aluminium Hydroxide 250mg + Magnesium Hydroxide 250mg",
        "SaltStrength": "ACTIVATEDDIMETHICONE50MGALUMINIUMMAGNESIUMSILICATE50MGDRIEDALUMINIUMHYDROXIDE250MGMAGNESIUMHYDROXIDE250MG",
        "Id": "3756",
        "Code": "SN03088",
        "Name": "Aluminium Hydroxide + Magnesium Hydroxide + Magnesium Aluminium Silicate Hydrate + Dimethicone"
      },
      "MfgGroup": "Dr. REDDY,S LABORATORIES LTD.",
      "EncodeProdId": "ducvcs",
      "CustDiscPercent": 21,
      "CustOfferPrice": 50.01,
      "PTR": 0,
      "PTRDiscPercent": 0,
      "SchemeFreeBaseQty": 0,
      "OfferCategoryId": 0,
      "OfferCategory": "",
      "OfferTitle": "",
      "OfferImage": "",
      "ApplyPincodeWiseDiscount": false,
      "IsPurchased": 0,
      "DisplayFactor": 1,
      "SKUOrderCount": 9076,
      "MaxSKUOrderCount": 0,
      "PKLotId": "1003060067",
      "SchemeFreeBaseQtyOfferText": "",
      "CustomScoreManipulator": 2375,
      "RecentOrderCount": 1296,
      "RecentProductCount": 2252,
      "RecentCustCount": 634,
      "RefProductId": null,
      "RouteId": 1,
      "BrandImage": null,
      "PrimaryDisease": "",
      "CustHighDisc": 1,
      "OfferPrice": 50.01,
      "DiscountPercent": 21,
      "MinQty": 1,
      "IsOutOfStock": "N",
      "IsCourierable": 1,
      "MRP": 63.75,
      "ExpiryDate": "2023-09-30T00:00:00.000Z",
      "LastMRP": 63.75,
      "score": 1
    },
    {
      "ProductName": "Surgical Gauze Absorbent (B.S) 90 cm",
      "Brand": "Bengal Surgicals Limited",
      "DosageForm": "gauze",
      "PrescriptionOTC": "M",
      "InteractiveModule": null,
      "InteractiveSubModule": "",
      "DeliveryDelayedDay": 0,
      "ProductId": "26678",
      "DisplayName": "Surgical Gauze Absorbent (B.S) 90 cm 1 Pc",
      "ProductAliasName": "Surgical Gauze Absorbent (B.S) 90 cm 1 Pc",
      "ProductImage": "Surgical-Gauze-Absorbent-90-cm-1467002455-10025736.jpg",
      "IsNew": 1,
      "HasOffer": "N",
      "IsGiftableProduct": 0,
      "IsCustomizable": 0,
      "IsFeatured": 0,
      "DosageRestriction": 0,
      "DosageAlert": 0,
      "Active": 1,
      "ProductStatus": "C",
      "IsRedeemable": 0,
      "DosageFormDisplaySeq": null,
      "DocumentId": "26678",
      "GroupSize": 1,
      "AvgRating": 0,
      "NumRating": 27,
      "OrderCount": 8809,
      "NumCustomer": 3437,
      "DisplayRank": 0,
      "UnitPrice": 585,
      "Keywords": "gaugeotc products household supplies",
      "Strength": "1 Pc",
      "ProductShortDescription": "",
      "Salts": {
        "NameSearch": "sterile guage sponges",
        "SaltStrengthRaw": "",
        "SaltStrength": "STERILEGUAGESPONGES1PC",
        "Id": "2791",
        "Code": "SN02570",
        "Name": "Sterile Guage Sponges"
      },
      "MfgGroup": "Bengal Surgicals Limited",
      "EncodeProdId": "nqtxng",
      "CustDiscPercent": 54,
      "CustOfferPrice": 5.85,
      "PTR": 0,
      "PTRDiscPercent": 0,
      "SchemeFreeBaseQty": 0,
      "OfferCategoryId": 0,
      "OfferCategory": "",
      "OfferTitle": "",
      "OfferImage": "",
      "ApplyPincodeWiseDiscount": false,
      "IsPurchased": 0,
      "DisplayFactor": 1,
      "SKUOrderCount": 8809,
      "MaxSKUOrderCount": 0,
      "PKLotId": "1003285004",
      "SchemeFreeBaseQtyOfferText": "",
      "CustomScoreManipulator": 7974,
      "RecentOrderCount": 1812,
      "RecentProductCount": 38066,
      "RecentCustCount": 879,
      "RefProductId": null,
      "RouteId": 0,
      "BrandImage": "Bengal-Surgicals.jpg",
      "PrimaryDisease": "",
      "CustHighDisc": 1,
      "OfferPrice": 5.85,
      "DiscountPercent": 54,
      "MinQty": 1,
      "IsOutOfStock": "N",
      "IsCourierable": 1,
      "MRP": 13,
      "ExpiryDate": "2025-01-31T00:00:00.000Z",
      "LastMRP": 13,
      "score": 1
    },
    {
      "ProductName": "Thermokind F Gel",
      "Brand": "Mankind Pharma Ltd.",
      "DosageForm": "gel",
      "PrescriptionOTC": "M",
      "InteractiveModule": null,
      "InteractiveSubModule": "",
      "DeliveryDelayedDay": 0,
      "ProductId": "3019",
      "DisplayName": "Thermokind F Gel 100 g",
      "ProductAliasName": "Thermokind F Gel 100 g",
      "ProductImage": "Thermokind-F-Gel-1639815426-10003007-1.jpg",
      "IsNew": 1,
      "HasOffer": "N",
      "IsGiftableProduct": 0,
      "IsCustomizable": 0,
      "IsFeatured": 0,
      "DosageRestriction": 3,
      "DosageAlert": 0,
      "Active": 1,
      "ProductStatus": "C",
      "IsRedeemable": 0,
      "DosageFormDisplaySeq": null,
      "DocumentId": "3017",
      "GroupSize": 2,
      "AvgRating": 0,
      "NumRating": 12,
      "OrderCount": 9286,
      "NumCustomer": 3315,
      "DisplayRank": 99,
      "UnitPrice": 101.86,
      "Keywords": "otc products household supplies",
      "Strength": "100 g",
      "ProductShortDescription": "",
      "Salts": {
        "NameSearch": "potassium nitrate + sodium monofluorophosphate + triclosan",
        "SaltStrengthRaw": "Oral Gel",
        "SaltStrength": "ORALGEL",
        "Id": "1062",
        "Code": "SN01374",
        "Name": "Potassium Nitrate + Sodium Monofluorophosphate + Triclosan"
      },
      "MfgGroup": "Mankind Pharma Ltd.",
      "EncodeProdId": "qezk49",
      "CustDiscPercent": 17,
      "CustOfferPrice": 101.86,
      "PTR": 0,
      "PTRDiscPercent": 0,
      "SchemeFreeBaseQty": 0,
      "OfferCategoryId": 0,
      "OfferCategory": "",
      "OfferTitle": "",
      "OfferImage": "",
      "ApplyPincodeWiseDiscount": false,
      "IsPurchased": 0,
      "DisplayFactor": 1,
      "SKUOrderCount": 8769,
      "MaxSKUOrderCount": 0,
      "PKLotId": "1003193341",
      "SchemeFreeBaseQtyOfferText": "",
      "CustomScoreManipulator": 2385,
      "RecentOrderCount": 1434,
      "RecentProductCount": 1701,
      "RecentCustCount": 891,
      "RefProductId": null,
      "RouteId": 0,
      "BrandImage": "",
      "PrimaryDisease": "",
      "CustHighDisc": 0,
      "OfferPrice": 101.86,
      "DiscountPercent": 17,
      "MinQty": 1,
      "IsOutOfStock": "N",
      "IsCourierable": 1,
      "MRP": 123.99,
      "ExpiryDate": "2023-10-31T00:00:00.000Z",
      "LastMRP": 123.99,
      "score": 1
    },
    {
      "ProductName": "Nervofit CD3",
      "Brand": "D.d.pharmaceuticals Pvt. Ltd.",
      "DosageForm": "tablet.",
      "PrescriptionOTC": "M",
      "InteractiveModule": null,
      "InteractiveSubModule": "",
      "DeliveryDelayedDay": 0,
      "ProductId": "24398",
      "DisplayName": "Nervofit CD3 10 Tablets",
      "ProductAliasName": "Nervofit CD3 10 Tablets",
      "ProductImage": "Nervofit-CD3-1610449862-10023451-1.jpg",
      "IsNew": 1,
      "HasOffer": "N",
      "IsGiftableProduct": 0,
      "IsCustomizable": 0,
      "IsFeatured": 0,
      "DosageRestriction": 0,
      "DosageAlert": 0,
      "Active": 1,
      "ProductStatus": "C",
      "IsRedeemable": 0,
      "DosageFormDisplaySeq": null,
      "DocumentId": "24398",
      "GroupSize": 1,
      "AvgRating": 0,
      "NumRating": 9,
      "OrderCount": 8700,
      "NumCustomer": 2949,
      "DisplayRank": 99,
      "UnitPrice": 0,
      "Keywords": "nutritional-&-allied-deficiencyotc products household supplies",
      "Strength": "10 Tablets",
      "ProductShortDescription": "",
      "Salts": {
        "NameSearch": "alpha lipoic acid + benfotiamine + calcium carbonate + chromium picolinate + folic acid + inositol + methylcobalamin + pyridoxine + vitamin d3",
        "SaltStrengthRaw": "Alpha Lipoic Acid 100mg + Benfotiamine 150mg + Calcium Carbonate 500mg + Chromium Polynicotinate 200mcg + Folic Acid 1.5mg + Inositol 100mg + Mecobalamin 1500mcg + Pyridoxine Hydrochloride 3mg + Vitamin D3 1000iu",
        "SaltStrength": "ALPHALIPOICACID100MGBENFOTIAMINE150MGCALCIUMCARBONATE500MGCHROMIUMPOLYNICOTINATE200MCGFOLICACID1.5MGINOSITOL100MGMECOBALAMIN1500MCGPYRIDOXINEHYDROCHLORIDE3MGVITAMIND31000IU",
        "Id": "4414",
        "Code": "SN03602",
        "Name": "Alpha Lipoic Acid + Benfotiamine + Calcium Carbonate + Chromium Picolinate + Folic Acid + Inositol + Methylcobalamin + Pyridoxine + Vitamin D3"
      },
      "MfgGroup": "D.D.Pharmaceuticals Pvt. Ltd.",
      "EncodeProdId": "8txrmq",
      "CustDiscPercent": 14,
      "CustOfferPrice": 192.44,
      "PTR": 0,
      "PTRDiscPercent": 0,
      "SchemeFreeBaseQty": 0,
      "OfferCategoryId": 0,
      "OfferCategory": "",
      "OfferTitle": "",
      "OfferImage": "",
      "ApplyPincodeWiseDiscount": false,
      "IsPurchased": 0,
      "DisplayFactor": 1,
      "SKUOrderCount": 8700,
      "MaxSKUOrderCount": 0,
      "PKLotId": "1003193798",
      "SchemeFreeBaseQtyOfferText": "",
      "CustomScoreManipulator": 2722,
      "RecentOrderCount": 1767,
      "RecentProductCount": 3516,
      "RecentCustCount": 772,
      "RefProductId": null,
      "RouteId": 1,
      "BrandImage": "",
      "PrimaryDisease": "",
      "CustHighDisc": 0,
      "OfferPrice": 192.44,
      "DiscountPercent": 14,
      "MinQty": 1,
      "IsOutOfStock": "N",
      "IsCourierable": 1,
      "MRP": 226,
      "ExpiryDate": "2023-05-01T00:00:00.000Z",
      "LastMRP": 226,
      "score": 1
    },
    {
      "ProductName": "Moov Instant Pain Relief Cream",
      "Brand": "Reckitt Benckiser Healthcare India Pvt. Ltd.",
      "DosageForm": "gel",
      "PrescriptionOTC": "M",
      "InteractiveModule": null,
      "InteractiveSubModule": "",
      "DeliveryDelayedDay": 0,
      "ProductId": "3528",
      "DisplayName": "Moov Instant Pain Relief Cream 50 g",
      "ProductAliasName": "Moov Instant Pain Relief Cream 50 g",
      "ProductImage": "Moov-Gel-1644223321-10004040-1.jpg",
      "IsNew": 1,
      "HasOffer": "N",
      "IsGiftableProduct": 0,
      "IsCustomizable": 0,
      "IsFeatured": 0,
      "DosageRestriction": 0,
      "DosageAlert": 0,
      "Active": 1,
      "ProductStatus": "C",
      "IsRedeemable": 0,
      "DosageFormDisplaySeq": null,
      "DocumentId": "3528",
      "GroupSize": 4,
      "AvgRating": 0,
      "NumRating": 22,
      "OrderCount": 12876,
      "NumCustomer": 8496,
      "DisplayRank": 99,
      "UnitPrice": 357.18,
      "Keywords": "pain arthritis backache muscular sprain back-pain-exercise lower-back-pain-exercise back-pain-reasons back-pain-remedies back-pain lower-back-pain back-pain-symptoms reasons-for-back-pain reason-for-back-pain lower-back-pain-reasons how-to-reduce-back-pain home-remedies-for-back-pain how-to-get-rid-of-back-pain back-pain-treatment-at-home back-pain-home-remedies how-to-cure-back-pain medicine-for-back-pain upper-back-pain-exercise reasons-for-lower-back-pain lower-back-pain-symptoms lower-back-pain-remedy remedies-for-back-pain upper-back-pain-reasons upper-back-pain-treatment reason-of-back-pain home-remedies-for-lower-back-pain back-pain-massage asanas-for-back-pain back-pain-solutions middle-back-pain-causes low-back-pain upper-back-pain lower-right-back-pain middle-back-pain lower-back-pain-relief mid-back-pain lower-back-pain-stretches lower-left-back-pain exercises-for-lower-back-pain back-pain-relief lower-back-pain-right-side severe-lower-back-pain lower-back-pain-left-side chronic-back-pain right-side-back-pain upper-left-back-pain causes-of-lower-back-pain mid-back-pain-right-side chest-and-back-pain extreme-lower-back-pain relieve-back-pain left-side-back-pain upper-right-back-pain how-to-relieve-back-pain upper-middle-back-pain chronic-lower-back-pain exercise-for-lower-back-pain thoracic-back-pain back-pain-stretches upper-back-pain-relief low-back-pain-exercises back-pain-doctor sharp-lower-back-pain stomach-and-back-pain lower-back-pain-on-right-side sudden-lower-back-pain right-side-lower-back-pain upper-back-pain-left-side stretches-for-upper-back-pain causes-of-back-pain back-pain-medicine finger-joint joint-pain shoulder-joint-pain-when-lifting-arm shoulder-joint-pain chikungunya-joint-pain reduce-joint-pain relieve-joint-pain how-to-cure-knee-joint-pain knee-joint-pain how-to-cure-joint-pain-naturally how-to-treat-joint-pain how-to-cure-joint-pain-how-to-reduce-knee-joint-pa hip-joint-pain wrist-joint-pain joint-pain-in-winter elbow-joint-pain joint-pain-in-legs right-shoulder-joint-pain joint-pain-in-old-age overcome-joint-pain remedy-of-joint-pain pain-&-inflamation artharitis joient artheritis back ache moov strong instant relief cream (free dettol antiseptic liquid 125 ml) 50 gotc products household supplies",
      "Strength": "50 g",
      "ProductShortDescription": "",
      "Salts": {
        "NameSearch": "pain inflammation",
        "SaltStrengthRaw": "Gaultheria Fragrantissima + Eucalyptus\nglobulus + Pinus Roxburghii + \nmentha Viridis",
        "SaltStrength": "EUCALYPTUSGLOBULUSGAULTHERIAFRAGRANTISSIMAPINUSROXBURGHIIMENTHAVIRIDIS",
        "Id": "2773",
        "Code": "SN02554",
        "Name": "Pain Inflammation"
      },
      "MfgGroup": "Reckitt Benckiser Healthcare India Pvt. Ltd.",
      "EncodeProdId": "svwf7j",
      "CustDiscPercent": 5,
      "CustOfferPrice": 178.59,
      "PTR": 0,
      "PTRDiscPercent": 0,
      "SchemeFreeBaseQty": 0,
      "OfferCategoryId": 0,
      "OfferCategory": "",
      "OfferTitle": "",
      "OfferImage": "",
      "ApplyPincodeWiseDiscount": false,
      "IsPurchased": 0,
      "DisplayFactor": 1,
      "SKUOrderCount": 8658,
      "MaxSKUOrderCount": 0,
      "PKLotId": "1003249097",
      "SchemeFreeBaseQtyOfferText": "",
      "CustomScoreManipulator": 1946,
      "RecentOrderCount": 789,
      "RecentProductCount": 906,
      "RecentCustCount": 671,
      "RefProductId": "109103",
      "RouteId": 0,
      "BrandImage": "",
      "PrimaryDisease": "headche, pain, inflamation, bone related disease",
      "CustHighDisc": 0,
      "OfferPrice": 178.59,
      "DiscountPercent": 5,
      "MinQty": 1,
      "IsOutOfStock": "N",
      "IsCourierable": 0,
      "MRP": 189,
      "ExpiryDate": "2024-05-31T00:00:00.000Z",
      "LastMRP": 189,
      "score": 1
    },
    {
      "ProductName": "AD Vitamin Baby Oil",
      "Brand": "Sunny Industries (p) Ltd.",
      "DosageForm": "baby massage oil",
      "PrescriptionOTC": "O",
      "InteractiveModule": null,
      "InteractiveSubModule": "",
      "DeliveryDelayedDay": 0,
      "ProductId": "3628",
      "DisplayName": "AD Vitamin Baby Oil 340 ml",
      "ProductAliasName": "AD Vitamin Baby Oil 340 ml",
      "ProductImage": "AD-Vitamin-Baby-Oil-1572257510-10004139-1.jpg",
      "IsNew": 1,
      "HasOffer": "N",
      "IsGiftableProduct": 0,
      "IsCustomizable": 0,
      "IsFeatured": 0,
      "DosageRestriction": 0,
      "DosageAlert": 0,
      "Active": 1,
      "ProductStatus": "C",
      "IsRedeemable": 0,
      "DosageFormDisplaySeq": null,
      "DocumentId": "3626",
      "GroupSize": 3,
      "AvgRating": 4.57,
      "NumRating": 548,
      "OrderCount": 12858,
      "NumCustomer": 7748,
      "DisplayRank": 99,
      "UnitPrice": 60.37352941176471,
      "Keywords": "massage infant babies bebi masage message  advitaminotc products household supplies",
      "Strength": "340 ml",
      "ProductShortDescription": "",
      "Salts": {},
      "MfgGroup": "Sunny Industries (P) Ltd.",
      "EncodeProdId": "wp7tef",
      "CustDiscPercent": 12,
      "CustOfferPrice": 205.27,
      "PTR": 0,
      "PTRDiscPercent": 0,
      "SchemeFreeBaseQty": 0,
      "OfferCategoryId": 0,
      "OfferCategory": "",
      "OfferTitle": "",
      "OfferImage": "",
      "ApplyPincodeWiseDiscount": false,
      "IsPurchased": 0,
      "DisplayFactor": 1,
      "SKUOrderCount": 8542,
      "MaxSKUOrderCount": 0,
      "PKLotId": "1003259606",
      "SchemeFreeBaseQtyOfferText": "",
      "CustomScoreManipulator": 2078,
      "RecentOrderCount": 1010,
      "RecentProductCount": 1146,
      "RecentCustCount": 775,
      "RefProductId": null,
      "RouteId": 0,
      "BrandImage": "1499174932_AD.jpg",
      "PrimaryDisease": "",
      "CustHighDisc": 0,
      "OfferPrice": 205.27,
      "DiscountPercent": 12,
      "MinQty": 1,
      "IsOutOfStock": "N",
      "IsCourierable": 1,
      "MRP": 235,
      "ExpiryDate": "2023-05-31T00:00:00.000Z",
      "LastMRP": 235,
      "score": 1
    },
    {
      "ProductName": "Collaflex",
      "Brand": "Universal Nutriscience Private Limited",
      "DosageForm": "powder",
      "PrescriptionOTC": "M",
      "InteractiveModule": null,
      "InteractiveSubModule": "",
      "DeliveryDelayedDay": 0,
      "ProductId": "100",
      "DisplayName": "Collaflex Sachet 10.2 gm",
      "ProductAliasName": "Collaflex Sachet 10.2 gm",
      "ProductImage": "Collaflex-1594115040-10000198-1.jpg",
      "IsNew": 1,
      "HasOffer": "N",
      "IsGiftableProduct": 0,
      "IsCustomizable": 0,
      "IsFeatured": 0,
      "DosageRestriction": 0,
      "DosageAlert": 0,
      "Active": 1,
      "ProductStatus": "C",
      "IsRedeemable": 0,
      "DosageFormDisplaySeq": null,
      "DocumentId": "100",
      "GroupSize": 1,
      "AvgRating": 0,
      "NumRating": 4,
      "OrderCount": 8376,
      "NumCustomer": 2541,
      "DisplayRank": 99,
      "UnitPrice": 834.8039215686276,
      "Keywords": "bone-&-joint-disorderotc products household supplies",
      "Strength": "Sachet 10.2 gm",
      "ProductShortDescription": "",
      "Salts": {
        "NameSearch": "collagen peptides",
        "SaltStrengthRaw": "Collagen Peptides 10gm/10.2gm",
        "SaltStrength": "COLLAGENPEPTIDES10GM10.2GM",
        "Id": "4356",
        "Code": "SN03548",
        "Name": "Collagen Peptides"
      },
      "MfgGroup": "Universal Nutriscience Private Limited",
      "EncodeProdId": "gnw3cg",
      "CustDiscPercent": 14,
      "CustOfferPrice": 85.15,
      "PTR": 0,
      "PTRDiscPercent": 0,
      "SchemeFreeBaseQty": 0,
      "OfferCategoryId": 0,
      "OfferCategory": "",
      "OfferTitle": "",
      "OfferImage": "",
      "ApplyPincodeWiseDiscount": false,
      "IsPurchased": 0,
      "DisplayFactor": 1,
      "SKUOrderCount": 8376,
      "MaxSKUOrderCount": 0,
      "PKLotId": "1003224769",
      "SchemeFreeBaseQtyOfferText": "",
      "CustomScoreManipulator": 2455,
      "RecentOrderCount": 469,
      "RecentProductCount": 6311,
      "RecentCustCount": 249,
      "RefProductId": null,
      "RouteId": 0,
      "BrandImage": "",
      "PrimaryDisease": "",
      "CustHighDisc": 0,
      "OfferPrice": 85.15,
      "DiscountPercent": 14,
      "MinQty": 1,
      "IsOutOfStock": "N",
      "IsCourierable": 1,
      "MRP": 100,
      "ExpiryDate": "2023-12-31T00:00:00.000Z",
      "LastMRP": 100,
      "score": 1
    },
    {
      "ProductName": "Seacod",
      "Brand": "Sanofi India Limited",
      "DosageForm": "capsule",
      "PrescriptionOTC": "M",
      "InteractiveModule": null,
      "InteractiveSubModule": "",
      "DeliveryDelayedDay": 0,
      "ProductId": "22161",
      "DisplayName": "Seacod 110 Capsules",
      "ProductAliasName": "Seacod 110 Capsules",
      "ProductImage": "Seacod-1635160540-10021211-1.jpg",
      "IsNew": 1,
      "HasOffer": "N",
      "IsGiftableProduct": 0,
      "IsCustomizable": 0,
      "IsFeatured": 0,
      "DosageRestriction": 0,
      "DosageAlert": 0,
      "Active": 1,
      "ProductStatus": "C",
      "IsRedeemable": 0,
      "DosageFormDisplaySeq": null,
      "DocumentId": "657",
      "GroupSize": 3,
      "AvgRating": 0,
      "NumRating": 25,
      "OrderCount": 10315,
      "NumCustomer": 4944,
      "DisplayRank": 99,
      "UnitPrice": 0,
      "Keywords": "omega 3 seacod capsule (100 cap)otc products household supplies",
      "Strength": "110 Capsules",
      "ProductShortDescription": "",
      "Salts": {
        "NameSearch": "cod liver oil",
        "SaltStrengthRaw": "Health Supplement",
        "SaltStrength": "HEALTHSUPPLEMENT",
        "Id": "1114",
        "Code": "SN01436",
        "Name": "Cod Liver Oil"
      },
      "MfgGroup": "Sanofi India Limited",
      "EncodeProdId": "m8tw9h",
      "CustDiscPercent": 14,
      "CustOfferPrice": 300.56,
      "PTR": 0,
      "PTRDiscPercent": 0,
      "SchemeFreeBaseQty": 0,
      "OfferCategoryId": 0,
      "OfferCategory": "",
      "OfferTitle": "",
      "OfferImage": "",
      "ApplyPincodeWiseDiscount": false,
      "IsPurchased": 0,
      "DisplayFactor": 1,
      "SKUOrderCount": 8312,
      "MaxSKUOrderCount": 0,
      "PKLotId": "1003123501",
      "SchemeFreeBaseQtyOfferText": "",
      "CustomScoreManipulator": 2288,
      "RecentOrderCount": 1330,
      "RecentProductCount": 1548,
      "RecentCustCount": 979,
      "RefProductId": null,
      "RouteId": 0,
      "BrandImage": "",
      "PrimaryDisease": "liver related",
      "CustHighDisc": 0,
      "OfferPrice": 300.56,
      "DiscountPercent": 14,
      "MinQty": 1,
      "IsOutOfStock": "N",
      "IsCourierable": 1,
      "MRP": 352.98,
      "ExpiryDate": "2023-09-30T00:00:00.000Z",
      "LastMRP": 352.98,
      "score": 1
    },
    {
      "ProductName": "Prega News Device",
      "Brand": "Mankind Pharma Ltd.",
      "DosageForm": "device",
      "PrescriptionOTC": "M",
      "InteractiveModule": null,
      "InteractiveSubModule": "",
      "DeliveryDelayedDay": 0,
      "ProductId": "3651",
      "DisplayName": "Prega News Device",
      "ProductAliasName": "Prega News Device",
      "ProductImage": "Prega-News-Device-1638877264-10004162-1.jpg",
      "IsNew": 1,
      "HasOffer": "N",
      "IsGiftableProduct": 0,
      "IsCustomizable": 0,
      "IsFeatured": 0,
      "DosageRestriction": 0,
      "DosageAlert": 0,
      "Active": 1,
      "ProductStatus": "C",
      "IsRedeemable": 0,
      "DosageFormDisplaySeq": null,
      "DocumentId": "3651",
      "GroupSize": 1,
      "AvgRating": 0,
      "NumRating": 39,
      "OrderCount": 8174,
      "NumCustomer": 6113,
      "DisplayRank": 99,
      "UnitPrice": 0,
      "Keywords": "pregnancy preganewsotc products household supplies",
      "Strength": "1 Pack",
      "ProductShortDescription": "",
      "Salts": {
        "NameSearch": "pregnancy test kit",
        "SaltStrengthRaw": "",
        "SaltStrength": "PREGNANCYTESTKIT1PACK",
        "Id": "2343",
        "Code": "SN02347",
        "Name": "Pregnancy Test Kit"
      },
      "MfgGroup": "Mankind Pharma Ltd.",
      "EncodeProdId": "t2qt37",
      "CustDiscPercent": 47,
      "CustOfferPrice": 28.68,
      "PTR": 0,
      "PTRDiscPercent": 0,
      "SchemeFreeBaseQty": 0,
      "OfferCategoryId": 0,
      "OfferCategory": "",
      "OfferTitle": "",
      "OfferImage": "",
      "ApplyPincodeWiseDiscount": false,
      "IsPurchased": 0,
      "DisplayFactor": 1,
      "SKUOrderCount": 8174,
      "MaxSKUOrderCount": 0,
      "PKLotId": "1003257846",
      "SchemeFreeBaseQtyOfferText": "",
      "CustomScoreManipulator": 3494,
      "RecentOrderCount": 2493,
      "RecentProductCount": 4556,
      "RecentCustCount": 2032,
      "RefProductId": null,
      "RouteId": 0,
      "BrandImage": "1499253854_Preganews.jpg",
      "PrimaryDisease": "",
      "CustHighDisc": 1,
      "OfferPrice": 28.68,
      "DiscountPercent": 47,
      "MinQty": 1,
      "IsOutOfStock": "N",
      "IsCourierable": 0,
      "MRP": 55,
      "ExpiryDate": "2023-08-31T00:00:00.000Z",
      "LastMRP": 55,
      "score": 1
    },
    {
      "ProductName": "Pet Saffa Natural Laxative Granules (Free 20 % Extra)",
      "Brand": "Sbs Biotech (hp)",
      "DosageForm": "constipation & laxatives",
      "PrescriptionOTC": "O",
      "InteractiveModule": null,
      "InteractiveSubModule": "",
      "DeliveryDelayedDay": 30,
      "ProductId": "27057",
      "DisplayName": "Pet Saffa Natural Laxative Granules (Free 20 % Extra) 100 g",
      "ProductAliasName": "Pet Saffa Natural Laxative Granules (Free 20 % Extra) 100 g",
      "ProductImage": "Pet-Saffa-Natural-Laxative-Granules-Extra-20--Free-1594277373-10026116-1.jpg",
      "IsNew": 1,
      "HasOffer": "Y",
      "IsGiftableProduct": 0,
      "IsCustomizable": 0,
      "IsFeatured": 0,
      "DosageRestriction": 4,
      "DosageAlert": 0,
      "Active": 1,
      "ProductStatus": "C",
      "IsRedeemable": 0,
      "DosageFormDisplaySeq": 22,
      "DocumentId": "27057",
      "GroupSize": 1,
      "AvgRating": 4.4,
      "NumRating": 162,
      "OrderCount": 8019,
      "NumCustomer": 4062,
      "DisplayRank": 0,
      "UnitPrice": 89.42,
      "Keywords": "constipation stool softner offer offers festive free constepation constipetionotc products household supplies",
      "Strength": "100 g",
      "ProductShortDescription": "",
      "Salts": {},
      "MfgGroup": "Sbs Biotech (HP)",
      "EncodeProdId": "4n89cq",
      "CustDiscPercent": 6,
      "CustOfferPrice": 89.42,
      "PTR": 0,
      "PTRDiscPercent": 0,
      "SchemeFreeBaseQty": 0,
      "OfferCategoryId": 0,
      "OfferCategory": "",
      "OfferTitle": "20 % EXTRA",
      "OfferImage": "10026116.jpg",
      "ApplyPincodeWiseDiscount": false,
      "IsPurchased": 0,
      "DisplayFactor": 1,
      "SKUOrderCount": 8019,
      "MaxSKUOrderCount": 0,
      "PKLotId": "1003232447",
      "SchemeFreeBaseQtyOfferText": "",
      "CustomScoreManipulator": 1938,
      "RecentOrderCount": 930,
      "RecentProductCount": 1142,
      "RecentCustCount": 679,
      "RefProductId": null,
      "RouteId": 0,
      "BrandImage": null,
      "PrimaryDisease": "constipation",
      "CustHighDisc": 0,
      "OfferPrice": 89.42,
      "DiscountPercent": 6,
      "MinQty": 1,
      "IsOutOfStock": "N",
      "IsCourierable": 1,
      "MRP": 96,
      "ExpiryDate": "2024-10-31T00:00:00.000Z",
      "LastMRP": 96,
      "score": 1
    },
    {
      "ProductName": "Health OK",
      "Brand": "Discovery Mankind",
      "DosageForm": "tablet.",
      "PrescriptionOTC": "M",
      "InteractiveModule": null,
      "InteractiveSubModule": "",
      "DeliveryDelayedDay": 0,
      "ProductId": "25731",
      "DisplayName": "Health OK 15 Tablets",
      "ProductAliasName": "Health OK 15 Tablets",
      "ProductImage": "Health-OK-1609141078-10024788-1.jpg",
      "IsNew": 1,
      "HasOffer": "N",
      "IsGiftableProduct": 0,
      "IsCustomizable": 0,
      "IsFeatured": 0,
      "DosageRestriction": 0,
      "DosageAlert": 0,
      "Active": 1,
      "ProductStatus": "C",
      "IsRedeemable": 0,
      "DosageFormDisplaySeq": null,
      "DocumentId": "13358",
      "GroupSize": 3,
      "AvgRating": 0,
      "NumRating": 11,
      "OrderCount": 8518,
      "NumCustomer": 2989,
      "DisplayRank": 99,
      "UnitPrice": 0,
      "Keywords": "nutritional-&-allied-deficiency health ok tablet (10 tab)otc products household supplies",
      "Strength": "15 Tablets",
      "ProductShortDescription": "",
      "Salts": {
        "NameSearch": "multivitamin + multimineral + amino acids + taurine + ginseng extract",
        "SaltStrengthRaw": "Biotin 30mcg + Calcium Pantothenate 0.4mg + Chromium 33mcg + Copper 0.5mg + Cyanocobalamin 1mcg + Dl-methionine 2.2mg + Folic Acid 0.1mg + Ginseng Extract Powder (highly Concentrated & Standardized, Ginseng Extract Corresponding To 425mg Of Root Of Panax Ginseng) 42.5mg + Iodine 0.1mg + Iron 7.5mg + L-arginine Hydrochloride 13.28mg + L-histidine Hydrochloride 4.35mg + L-isoleucine 8.25mg + L-leucine 13.45mg + L-lysine Hydrochloride 11.07mg + L-phenylalanine 9.04mg + L-threonine 6.38mg + L-tryptophan 2.03mg + L-valine 7.91mg + Magnesium 7.43mg + Manganese 1.4mg + Selenium 10mcg + Taurine 500mg + Vitamin A 600mcg + Vitamin B1 1mg + Vitamin B2 1.1mg + Vitamin B3 12mg + Vitamin B6 1.5mg + Vitamin C 40mg + Vitamin D 5mcg + Vitamin E 8mg + Zinc 5mg",
        "SaltStrength": "BIOTIN30MCGCALCIUMPANTOTHENATE0.4MGCHROMIUM33MCGCOPPER0.5MGCYANOCOBALAMIN1MCGDLMETHIONINE2.2MGFOLICACID0.1MGGINSENGEXTRACTPOWDERHIGHLYCONCENTRATEDSTANDARDIZEDGINSENGEXTRACTCORRESPONDINGTO425MGOFROOTOFPANAXGINSENG42.5MGIODINE0.1MGIRON7.5MGLARGININEHYDROCHLORIDE13.28MGLHISTIDINEHYDROCHLORIDE4.35MGLISOLEUCINE8.25MGLLEUCINE13.45MGLLYSINEHYDROCHLORIDE11.07MGLPHENYLALANINE9.04MGLTHREONINE6.38MGLTRYPTOPHAN2.03MGLVALINE7.91MGMAGNESIUM7.43MGMANGANESE1.4MGSELENIUM10MCGTAURINE500MGVITAMINA600MCGVITAMINB11MGVITAMINB21.1MGVITAMINB312MGVITAMINB61.5MGVITAMINC40MGVITAMIND5MCGVITAMINE8MGZINC5MG",
        "Id": "4606",
        "Code": "SN03781",
        "Name": "Multivitamin + Multimineral + Amino Acids + Taurine + Ginseng Extract"
      },
      "MfgGroup": "Discovery Mankind",
      "EncodeProdId": "88u8by",
      "CustDiscPercent": 17,
      "CustOfferPrice": 123.23,
      "PTR": 0,
      "PTRDiscPercent": 0,
      "SchemeFreeBaseQty": 0,
      "OfferCategoryId": 0,
      "OfferCategory": "",
      "OfferTitle": "",
      "OfferImage": "",
      "ApplyPincodeWiseDiscount": false,
      "IsPurchased": 0,
      "DisplayFactor": 1,
      "SKUOrderCount": 7830,
      "MaxSKUOrderCount": 0,
      "PKLotId": "1003155229",
      "SchemeFreeBaseQtyOfferText": "",
      "CustomScoreManipulator": 2224,
      "RecentOrderCount": 1307,
      "RecentProductCount": 2310,
      "RecentCustCount": 701,
      "RefProductId": null,
      "RouteId": 0,
      "BrandImage": "",
      "PrimaryDisease": "",
      "CustHighDisc": 0,
      "OfferPrice": 123.23,
      "DiscountPercent": 17,
      "MinQty": 1,
      "IsOutOfStock": "N",
      "IsCourierable": 1,
      "MRP": 150,
      "ExpiryDate": "2022-10-31T00:00:00.000Z",
      "LastMRP": 150,
      "score": 1
    },
    {
      "ProductName": "Handcare Eva (M) Gloves",
      "Brand": "Hi+care Plastics Pvt Ltd",
      "DosageForm": "hand gloves",
      "PrescriptionOTC": "M",
      "InteractiveModule": null,
      "InteractiveSubModule": "",
      "DeliveryDelayedDay": 0,
      "ProductId": "10729",
      "DisplayName": "Handcare Eva (M) Gloves 2 Pieces",
      "ProductAliasName": "Handcare Eva (M) Gloves 2 Pieces",
      "ProductImage": "HANDCARE-EVAM-1420724011-10010687.jpg",
      "IsNew": 1,
      "HasOffer": "N",
      "IsGiftableProduct": 0,
      "IsCustomizable": 0,
      "IsFeatured": 0,
      "DosageRestriction": 0,
      "DosageAlert": 0,
      "Active": 1,
      "ProductStatus": "C",
      "IsRedeemable": 0,
      "DosageFormDisplaySeq": null,
      "DocumentId": "10729",
      "GroupSize": 1,
      "AvgRating": 0,
      "NumRating": 43,
      "OrderCount": 7778,
      "NumCustomer": 5360,
      "DisplayRank": 0,
      "UnitPrice": 0,
      "Keywords": "sterileotc products household supplies",
      "Strength": "2 Pieces",
      "ProductShortDescription": "",
      "Salts": {
        "NameSearch": "disposable gloves",
        "SaltStrengthRaw": "",
        "SaltStrength": "DISPOSABLEGLOVES2PIECES",
        "Id": "2787",
        "Code": "SN02566",
        "Name": "Disposable Gloves"
      },
      "MfgGroup": "HI+CARE PLASTICS PVT LTD",
      "EncodeProdId": "p3nlw8",
      "CustDiscPercent": 20,
      "CustOfferPrice": 11.86,
      "PTR": 0,
      "PTRDiscPercent": 0,
      "SchemeFreeBaseQty": 0,
      "OfferCategoryId": 0,
      "OfferCategory": "",
      "OfferTitle": "",
      "OfferImage": "",
      "ApplyPincodeWiseDiscount": false,
      "IsPurchased": 0,
      "DisplayFactor": 1,
      "SKUOrderCount": 7778,
      "MaxSKUOrderCount": 0,
      "PKLotId": "1002737927",
      "SchemeFreeBaseQtyOfferText": "",
      "CustomScoreManipulator": 3784,
      "RecentOrderCount": 1421,
      "RecentProductCount": 11375,
      "RecentCustCount": 1182,
      "RefProductId": null,
      "RouteId": 0,
      "BrandImage": null,
      "PrimaryDisease": "",
      "CustHighDisc": 1,
      "OfferPrice": 11.86,
      "DiscountPercent": 20,
      "MinQty": 1,
      "IsOutOfStock": "N",
      "IsCourierable": 1,
      "MRP": 15,
      "ExpiryDate": "2026-02-28T00:00:00.000Z",
      "LastMRP": 15,
      "score": 1
    },
    {
      "ProductName": "Cartigen",
      "Brand": "Pharmed Limited",
      "DosageForm": "tablet.",
      "PrescriptionOTC": "P",
      "InteractiveModule": "",
      "InteractiveSubModule": "",
      "DeliveryDelayedDay": 0,
      "ProductId": "45628",
      "DisplayName": "Cartigen 1500 mg Tablet (15 Tab)",
      "ProductAliasName": "Cartigen 1500 mg Tablet (15 Tab)",
      "ProductImage": "Cartigen-1594458442-10033128-1.jpg",
      "IsNew": 1,
      "HasOffer": "N",
      "IsGiftableProduct": 0,
      "IsCustomizable": 0,
      "IsFeatured": 0,
      "DosageRestriction": 0,
      "DosageAlert": 0,
      "Active": 1,
      "ProductStatus": "C",
      "IsRedeemable": 0,
      "DosageFormDisplaySeq": null,
      "DocumentId": "45628",
      "GroupSize": 1,
      "AvgRating": 0,
      "NumRating": 2,
      "OrderCount": 9834,
      "NumCustomer": 3092,
      "DisplayRank": 99,
      "UnitPrice": 0,
      "Keywords": "bone-&-joint-disorder cartigen 1500 mg tablet (30 tab) medicine",
      "Strength": "1500 mg Tablet",
      "ProductShortDescription": "",
      "Salts": {
        "NameSearch": "glucosamine sulphate potassium chloride",
        "SaltStrengthRaw": "Glucosamine Sulfate Potassium Chloride 1500mg",
        "SaltStrength": "GLUCOSAMINESULFATEPOTASSIUMCHLORIDE1500MG",
        "Id": "6543",
        "Code": "SN05545",
        "Name": "Glucosamine Sulphate Potassium Chloride"
      },
      "MfgGroup": "Pharmed Limited",
      "EncodeProdId": "3hjglh",
      "CustDiscPercent": 18,
      "CustOfferPrice": 278.8,
      "PTR": 0,
      "PTRDiscPercent": 0,
      "SchemeFreeBaseQty": 0,
      "OfferCategoryId": 0,
      "OfferCategory": "",
      "OfferTitle": "",
      "OfferImage": "",
      "ApplyPincodeWiseDiscount": false,
      "IsPurchased": 0,
      "DisplayFactor": 1,
      "SKUOrderCount": 7580,
      "MaxSKUOrderCount": 0,
      "PKLotId": "1003283868",
      "SchemeFreeBaseQtyOfferText": "",
      "CustomScoreManipulator": 2000,
      "RecentOrderCount": 1092,
      "RecentProductCount": 1959,
      "RecentCustCount": 532,
      "RefProductId": null,
      "RouteId": 1,
      "BrandImage": "",
      "PrimaryDisease": "",
      "CustHighDisc": 0,
      "OfferPrice": 278.8,
      "DiscountPercent": 18,
      "MinQty": 1,
      "IsOutOfStock": "N",
      "IsCourierable": 1,
      "MRP": 340,
      "ExpiryDate": "2024-05-31T00:00:00.000Z",
      "LastMRP": 340,
      "score": 1
    },
    {
      "ProductName": "Fabolite (Orange Flavour) Sugar Free Powder",
      "Brand": "Abbott Healthcare Pvt. Ltd.",
      "DosageForm": "powder",
      "PrescriptionOTC": "M",
      "InteractiveModule": null,
      "InteractiveSubModule": "",
      "DeliveryDelayedDay": 0,
      "ProductId": "9861",
      "DisplayName": "Fabolite (Orange Flavour) Sugar Free Powder 300 g",
      "ProductAliasName": "Fabolite (Orange Flavour) Sugar Free Powder 300 g",
      "ProductImage": "fabolite-1406697615-10010027.jpg",
      "IsNew": 1,
      "HasOffer": "N",
      "IsGiftableProduct": 0,
      "IsCustomizable": 0,
      "IsFeatured": 0,
      "DosageRestriction": 0,
      "DosageAlert": 0,
      "Active": 1,
      "ProductStatus": "C",
      "IsRedeemable": 0,
      "DosageFormDisplaySeq": null,
      "DocumentId": "9859",
      "GroupSize": 2,
      "AvgRating": 0,
      "NumRating": 8,
      "OrderCount": 9013,
      "NumCustomer": 2836,
      "DisplayRank": 99,
      "UnitPrice": 123.44333333333333,
      "Keywords": "constipation stool softner constepationotc products household supplies",
      "Strength": "300 g",
      "ProductShortDescription": "",
      "Salts": {
        "NameSearch": "ispaghula",
        "SaltStrengthRaw": "Ispaghula Husk Powder (seeds Husk)(plantago Ovata) Ab 64.81% + Sarjikakshar (aastoenemon Indica) Ab 8.33% + Nimbusatva (citus Acid) Ab 8.88%",
        "SaltStrength": "ISPAGHULAHUSKPOWDERSEEDSHUSKPLANTAGOOVATAAB64.81NIMBUSATVACITUSACIDAB8.88SARJIKAKSHARAASTOENEMONINDICAAB8.33",
        "Id": "723",
        "Code": "SN00784",
        "Name": "Ispaghula"
      },
      "MfgGroup": "Abbott Healthcare Pvt. Ltd.",
      "EncodeProdId": "ce6vu8",
      "CustDiscPercent": 15,
      "CustOfferPrice": 370.33,
      "PTR": 0,
      "PTRDiscPercent": 0,
      "SchemeFreeBaseQty": 0,
      "OfferCategoryId": 0,
      "OfferCategory": "",
      "OfferTitle": "",
      "OfferImage": "",
      "ApplyPincodeWiseDiscount": false,
      "IsPurchased": 0,
      "DisplayFactor": 1,
      "SKUOrderCount": 7476,
      "MaxSKUOrderCount": 0,
      "PKLotId": "1003216180",
      "SchemeFreeBaseQtyOfferText": "",
      "CustomScoreManipulator": 1734,
      "RecentOrderCount": 892,
      "RecentProductCount": 1064,
      "RecentCustCount": 402,
      "RefProductId": null,
      "RouteId": 1,
      "BrandImage": "",
      "PrimaryDisease": "constipation",
      "CustHighDisc": 0,
      "OfferPrice": 370.33,
      "DiscountPercent": 15,
      "MinQty": 1,
      "IsOutOfStock": "N",
      "IsCourierable": 1,
      "MRP": 438,
      "ExpiryDate": "2023-12-31T00:00:00.000Z",
      "LastMRP": 438,
      "score": 1
    },
    {
      "ProductName": "Dermadew Aloe Cream",
      "Brand": "H & H Pharmaceutical Llp",
      "DosageForm": "cream",
      "PrescriptionOTC": "M",
      "InteractiveModule": null,
      "InteractiveSubModule": "",
      "DeliveryDelayedDay": 0,
      "ProductId": "7510",
      "DisplayName": "Dermadew Aloe Cream 50 g",
      "ProductAliasName": "Dermadew Aloe Cream 50 g",
      "ProductImage": "Dermadew-Aloe-1582529765-10006740-1.jpg",
      "IsNew": 1,
      "HasOffer": "N",
      "IsGiftableProduct": 0,
      "IsCustomizable": 0,
      "IsFeatured": 0,
      "DosageRestriction": 0,
      "DosageAlert": 0,
      "Active": 1,
      "ProductStatus": "C",
      "IsRedeemable": 0,
      "DosageFormDisplaySeq": null,
      "DocumentId": "7510",
      "GroupSize": 2,
      "AvgRating": 0,
      "NumRating": 17,
      "OrderCount": 7468,
      "NumCustomer": 3989,
      "DisplayRank": 99,
      "UnitPrice": 306.54,
      "Keywords": "skin-related-disorderotc products household supplies",
      "Strength": "50 g",
      "ProductShortDescription": "",
      "Salts": {
        "NameSearch": "medicated cream",
        "SaltStrengthRaw": "Aloe Vero Gel 10% W/w + Light Liquid Paraffin 7% W/w + White Soft Paraffin 3% W/w<br>in A Moisturising Cream Base Containing Dimethicone And Purified Lonolin",
        "SaltStrength": "ALOEVEROGEL10WWLIGHTLIQUIDPARAFFIN7WWWHITESOFTPARAFFIN3WWBRINAMOISTURISINGCREAMBASECONTAININGDIMETHICONEANDPURIFIEDLONOLIN",
        "Id": "2486",
        "Code": "SN02440",
        "Name": "Medicated Cream"
      },
      "MfgGroup": "H & H Pharmaceutical LLP",
      "EncodeProdId": "pzw48q",
      "CustDiscPercent": 14,
      "CustOfferPrice": 153.27,
      "PTR": 0,
      "PTRDiscPercent": 0,
      "SchemeFreeBaseQty": 0,
      "OfferCategoryId": 0,
      "OfferCategory": "",
      "OfferTitle": "",
      "OfferImage": "",
      "ApplyPincodeWiseDiscount": false,
      "IsPurchased": 0,
      "DisplayFactor": 1,
      "SKUOrderCount": 7359,
      "MaxSKUOrderCount": 0,
      "PKLotId": "1003184970",
      "SchemeFreeBaseQtyOfferText": "",
      "CustomScoreManipulator": 1992,
      "RecentOrderCount": 1120,
      "RecentProductCount": 1283,
      "RecentCustCount": 866,
      "RefProductId": null,
      "RouteId": 0,
      "BrandImage": "",
      "PrimaryDisease": "",
      "CustHighDisc": 0,
      "OfferPrice": 153.27,
      "DiscountPercent": 14,
      "MinQty": 1,
      "IsOutOfStock": "N",
      "IsCourierable": 1,
      "MRP": 180,
      "ExpiryDate": "2023-10-31T00:00:00.000Z",
      "LastMRP": 180,
      "score": 1
    },
    {
      "ProductName": "Follihair New",
      "Brand": "Abbott Healthcare Pvt. Ltd.",
      "DosageForm": "hair vitalizer",
      "PrescriptionOTC": "M",
      "InteractiveModule": null,
      "InteractiveSubModule": "",
      "DeliveryDelayedDay": 0,
      "ProductId": "45036",
      "DisplayName": "Follihair New 30 Tablets",
      "ProductAliasName": "Follihair New 30 Tablets",
      "ProductImage": "Follihair-New-1635311262-10032538-1.jpg",
      "IsNew": 1,
      "HasOffer": "N",
      "IsGiftableProduct": 0,
      "IsCustomizable": 0,
      "IsFeatured": 0,
      "DosageRestriction": 0,
      "DosageAlert": 0,
      "Active": 1,
      "ProductStatus": "C",
      "IsRedeemable": 0,
      "DosageFormDisplaySeq": null,
      "DocumentId": "45036",
      "GroupSize": 1,
      "AvgRating": 0,
      "NumRating": 20,
      "OrderCount": 11950,
      "NumCustomer": 5683,
      "DisplayRank": 99,
      "UnitPrice": 0,
      "Keywords": "capsules nourishment hair fall loss growotc products household supplies",
      "Strength": "30 Tablets",
      "ProductShortDescription": "",
      "Salts": {
        "NameSearch": "multivitamin",
        "SaltStrengthRaw": "Nutraceutical",
        "SaltStrength": "NUTRACEUTICAL",
        "Id": "2978",
        "Code": "SN02696",
        "Name": "Multivitamin"
      },
      "MfgGroup": "Abbott Healthcare Pvt. Ltd.",
      "EncodeProdId": "k4pk6j",
      "CustDiscPercent": 14,
      "CustOfferPrice": 521.12,
      "PTR": 0,
      "PTRDiscPercent": 0,
      "SchemeFreeBaseQty": 0,
      "OfferCategoryId": 0,
      "OfferCategory": "",
      "OfferTitle": "",
      "OfferImage": "",
      "ApplyPincodeWiseDiscount": false,
      "IsPurchased": 0,
      "DisplayFactor": 1,
      "SKUOrderCount": 7113,
      "MaxSKUOrderCount": 0,
      "PKLotId": "1003216920",
      "SchemeFreeBaseQtyOfferText": "",
      "CustomScoreManipulator": 2046,
      "RecentOrderCount": 1336,
      "RecentProductCount": 1465,
      "RecentCustCount": 833,
      "RefProductId": "112448",
      "RouteId": 0,
      "BrandImage": "",
      "PrimaryDisease": "",
      "CustHighDisc": 0,
      "OfferPrice": 521.12,
      "DiscountPercent": 14,
      "MinQty": 1,
      "IsOutOfStock": "N",
      "IsCourierable": 1,
      "MRP": 612,
      "ExpiryDate": "2023-03-31T00:00:00.000Z",
      "LastMRP": 612,
      "score": 1
    },
    {
      "ProductName": "Sensoform Paste",
      "Brand": "Indoco Remedies Ltd.(m)",
      "DosageForm": "paste",
      "PrescriptionOTC": "M",
      "InteractiveModule": null,
      "InteractiveSubModule": "",
      "DeliveryDelayedDay": 0,
      "ProductId": "3643",
      "DisplayName": "Sensoform Paste 100 g",
      "ProductAliasName": "Sensoform Paste 100 g",
      "ProductImage": "Sensoform-Paste-1633343124-10004154-1.jpg",
      "IsNew": 1,
      "HasOffer": "N",
      "IsGiftableProduct": 0,
      "IsCustomizable": 0,
      "IsFeatured": 0,
      "DosageRestriction": 3,
      "DosageAlert": 0,
      "Active": 1,
      "ProductStatus": "C",
      "IsRedeemable": 0,
      "DosageFormDisplaySeq": null,
      "DocumentId": "3642",
      "GroupSize": 3,
      "AvgRating": 0,
      "NumRating": 8,
      "OrderCount": 7482,
      "NumCustomer": 2437,
      "DisplayRank": 99,
      "UnitPrice": 97.14,
      "Keywords": "otc products household supplies",
      "Strength": "100 g",
      "ProductShortDescription": "",
      "Salts": {
        "NameSearch": "potassium nitrate + sodium monofluorophosphate + triclosan",
        "SaltStrengthRaw": "Tooth Paste",
        "SaltStrength": "TOOTHPASTE",
        "Id": "1062",
        "Code": "SN01374",
        "Name": "Potassium Nitrate + Sodium Monofluorophosphate + Triclosan"
      },
      "MfgGroup": "Indoco Remedies Ltd.(M)",
      "EncodeProdId": "wys9bx",
      "CustDiscPercent": 19,
      "CustOfferPrice": 97.14,
      "PTR": 0,
      "PTRDiscPercent": 0,
      "SchemeFreeBaseQty": 0,
      "OfferCategoryId": 0,
      "OfferCategory": "",
      "OfferTitle": "",
      "OfferImage": "",
      "ApplyPincodeWiseDiscount": false,
      "IsPurchased": 0,
      "DisplayFactor": 1,
      "SKUOrderCount": 6891,
      "MaxSKUOrderCount": 0,
      "PKLotId": "1003215909",
      "SchemeFreeBaseQtyOfferText": "",
      "CustomScoreManipulator": 1786,
      "RecentOrderCount": 1016,
      "RecentProductCount": 1292,
      "RecentCustCount": 579,
      "RefProductId": null,
      "RouteId": 7,
      "BrandImage": "",
      "PrimaryDisease": "",
      "CustHighDisc": 0,
      "OfferPrice": 97.14,
      "DiscountPercent": 19,
      "MinQty": 1,
      "IsOutOfStock": "N",
      "IsCourierable": 1,
      "MRP": 120,
      "ExpiryDate": "2025-11-30T00:00:00.000Z",
      "LastMRP": 120,
      "score": 1
    },
    {
      "ProductName": "Gas O Fast Active Jeera",
      "Brand": "Mankind Pharma Ltd.",
      "DosageForm": "acidity & gas",
      "PrescriptionOTC": "O",
      "InteractiveModule": null,
      "InteractiveSubModule": "",
      "DeliveryDelayedDay": 30,
      "ProductId": "23670",
      "DisplayName": "Gas O Fast Active Jeera 5 g",
      "ProductAliasName": "Gas O Fast Active Jeera 5 g",
      "ProductImage": "Gas-O-Fast-Active-Jeera-Sachet-1459744298-10022675.jpg",
      "IsNew": 1,
      "HasOffer": "N",
      "IsGiftableProduct": 0,
      "IsCustomizable": 0,
      "IsFeatured": 0,
      "DosageRestriction": 0,
      "DosageAlert": 0,
      "Active": 1,
      "ProductStatus": "C",
      "IsRedeemable": 0,
      "DosageFormDisplaySeq": null,
      "DocumentId": "23670",
      "GroupSize": 1,
      "AvgRating": 4.6,
      "NumRating": 232,
      "OrderCount": 6886,
      "NumCustomer": 3576,
      "DisplayRank": 99,
      "UnitPrice": 178,
      "Keywords": "indigestion gas antacid digestion gasofastotc products household supplies",
      "Strength": "5 g",
      "ProductShortDescription": "",
      "Salts": {},
      "MfgGroup": "Mankind Pharma Ltd.",
      "EncodeProdId": "n93ppu",
      "CustDiscPercent": 11,
      "CustOfferPrice": 8.9,
      "PTR": 0,
      "PTRDiscPercent": 0,
      "SchemeFreeBaseQty": 0,
      "OfferCategoryId": 0,
      "OfferCategory": "",
      "OfferTitle": "",
      "OfferImage": "",
      "ApplyPincodeWiseDiscount": false,
      "IsPurchased": 0,
      "DisplayFactor": 1,
      "SKUOrderCount": 6886,
      "MaxSKUOrderCount": 0,
      "PKLotId": "1003235788",
      "SchemeFreeBaseQtyOfferText": "",
      "CustomScoreManipulator": 4293,
      "RecentOrderCount": 2299,
      "RecentProductCount": 12789,
      "RecentCustCount": 1534,
      "RefProductId": null,
      "RouteId": 0,
      "BrandImage": "1499246268_Mankind.jpg",
      "PrimaryDisease": "liver related",
      "CustHighDisc": 0,
      "OfferPrice": 8.9,
      "DiscountPercent": 11,
      "MinQty": 1,
      "IsOutOfStock": "N",
      "IsCourierable": 1,
      "MRP": 10,
      "ExpiryDate": "2023-09-30T00:00:00.000Z",
      "LastMRP": 10,
      "score": 1
    },
    {
      "ProductName": "Pediasure 2+ Vanilla Delight Flavour Powder Refill",
      "Brand": "Abbott Healthcare Pvt. Ltd. (nutrition)",
      "DosageForm": "pediasure",
      "PrescriptionOTC": "O",
      "InteractiveModule": null,
      "InteractiveSubModule": "",
      "DeliveryDelayedDay": 0,
      "ProductId": "45232",
      "DisplayName": "Pediasure 2+ Vanilla Delight Flavour Powder Refill 1 kg",
      "ProductAliasName": "Pediasure 2+ Vanilla Delight Flavour Powder Refill 1 kg",
      "ProductImage": "Pediasure-2-Vanilla-Delight-Flavour-Powder-Refill-1638274008-10032734-1.jpg",
      "IsNew": 1,
      "HasOffer": "Y",
      "IsGiftableProduct": 0,
      "IsCustomizable": 0,
      "IsFeatured": 0,
      "DosageRestriction": 3,
      "DosageAlert": 0,
      "Active": 1,
      "ProductStatus": "C",
      "IsRedeemable": 0,
      "DosageFormDisplaySeq": 8,
      "DocumentId": "18329",
      "GroupSize": 3,
      "AvgRating": 4.61,
      "NumRating": 322,
      "OrderCount": 9447,
      "NumCustomer": 4878,
      "DisplayRank": 99,
      "UnitPrice": 133.581,
      "Keywords": "kids grocery healthdrink pedia sure pediasure 2+ vanilla delight flavour powder refill (rs. 100 /- off) 1 kgotc products household supplies",
      "Strength": "1 kg",
      "ProductShortDescription": "",
      "Salts": {},
      "MfgGroup": "Abbott Healthcare Pvt. Ltd. (Nutrition)",
      "EncodeProdId": "yedq7z",
      "CustDiscPercent": 2,
      "CustOfferPrice": 1335.81,
      "PTR": 0,
      "PTRDiscPercent": 0,
      "SchemeFreeBaseQty": 0,
      "OfferCategoryId": 10,
      "OfferCategory": "Curated Brands For You",
      "OfferTitle": "Top Brands",
      "OfferImage": "",
      "ApplyPincodeWiseDiscount": false,
      "IsPurchased": 0,
      "DisplayFactor": 1,
      "SKUOrderCount": 6780,
      "MaxSKUOrderCount": 0,
      "PKLotId": "1003200942",
      "SchemeFreeBaseQtyOfferText": "",
      "CustomScoreManipulator": 1547,
      "RecentOrderCount": 699,
      "RecentProductCount": 788,
      "RecentCustCount": 477,
      "RefProductId": null,
      "RouteId": 0,
      "BrandImage": "1499253447_Pediasure.jpg",
      "PrimaryDisease": "",
      "CustHighDisc": 0,
      "OfferPrice": 1335.81,
      "DiscountPercent": 2,
      "MinQty": 1,
      "IsOutOfStock": "N",
      "IsCourierable": 1,
      "MRP": 1375,
      "ExpiryDate": "2023-07-31T00:00:00.000Z",
      "LastMRP": 1375,
      "score": 1
    },
    {
      "ProductName": "Harpic Power Plus Disinfectant Toilet Cleaner Original",
      "Brand": "Reckitt Benckiser (india) Pvt. Ltd. (uk)",
      "DosageForm": "home cleaning",
      "PrescriptionOTC": "O",
      "InteractiveModule": null,
      "InteractiveSubModule": "",
      "DeliveryDelayedDay": 0,
      "ProductId": "22042",
      "DisplayName": "Harpic Power Plus Disinfectant Toilet Cleaner Original 200 ml",
      "ProductAliasName": "Harpic Power Plus Disinfectant Toilet Cleaner Original 200 ml",
      "ProductImage": "Harpic-Power-Plus-Disinfectant-Toilet-Cleaner-Original-1618377207-10021092-1.jpg",
      "IsNew": 1,
      "HasOffer": "N",
      "IsGiftableProduct": 0,
      "IsCustomizable": 0,
      "IsFeatured": 0,
      "DosageRestriction": 5,
      "DosageAlert": 0,
      "Active": 1,
      "ProductStatus": "C",
      "IsRedeemable": 0,
      "DosageFormDisplaySeq": 33,
      "DocumentId": "22042",
      "GroupSize": 6,
      "AvgRating": 4.6,
      "NumRating": 470,
      "OrderCount": 17258,
      "NumCustomer": 12847,
      "DisplayRank": 99,
      "UnitPrice": 20,
      "Keywords": "blue comode, harpik harpic power plus disinfectant toilet cleaner original (free 20 % extra) 200 mlotc products household supplies",
      "Strength": "200 ml",
      "ProductShortDescription": "",
      "Salts": {},
      "MfgGroup": "Reckitt Benckiser (India) Pvt. Ltd. (UK)",
      "EncodeProdId": "46bqpa",
      "CustDiscPercent": 0,
      "CustOfferPrice": 40,
      "PTR": 0,
      "PTRDiscPercent": 0,
      "SchemeFreeBaseQty": 0,
      "OfferCategoryId": 0,
      "OfferCategory": "",
      "OfferTitle": "",
      "OfferImage": "",
      "ApplyPincodeWiseDiscount": false,
      "IsPurchased": 0,
      "DisplayFactor": 1,
      "SKUOrderCount": 6691,
      "MaxSKUOrderCount": 0,
      "PKLotId": "1003311638",
      "SchemeFreeBaseQtyOfferText": "",
      "CustomScoreManipulator": 1839,
      "RecentOrderCount": 1006,
      "RecentProductCount": 1260,
      "RecentCustCount": 839,
      "RefProductId": "88203",
      "RouteId": 0,
      "BrandImage": "1499241652_Harpic.jpg",
      "PrimaryDisease": "",
      "CustHighDisc": 0,
      "OfferPrice": 40,
      "DiscountPercent": 0,
      "MinQty": 1,
      "IsOutOfStock": "N",
      "IsCourierable": 1,
      "MRP": 40,
      "ExpiryDate": "2023-12-31T00:00:00.000Z",
      "LastMRP": 40,
      "score": 1
    },
    {
      "ProductName": "Mactotal",
      "Brand": "Macleods Pharmaceuticals Ltd.",
      "DosageForm": "capsule",
      "PrescriptionOTC": "M",
      "InteractiveModule": null,
      "InteractiveSubModule": "",
      "DeliveryDelayedDay": 0,
      "ProductId": "24750",
      "DisplayName": "Mactotal 10 Capsules",
      "ProductAliasName": "Mactotal 10 Capsules",
      "ProductImage": "Mactotal-1635159530-10023805-1.jpg",
      "IsNew": 1,
      "HasOffer": "N",
      "IsGiftableProduct": 0,
      "IsCustomizable": 0,
      "IsFeatured": 0,
      "DosageRestriction": 0,
      "DosageAlert": 0,
      "Active": 1,
      "ProductStatus": "C",
      "IsRedeemable": 0,
      "DosageFormDisplaySeq": null,
      "DocumentId": "24750",
      "GroupSize": 1,
      "AvgRating": 0,
      "NumRating": 7,
      "OrderCount": 6643,
      "NumCustomer": 2578,
      "DisplayRank": 99,
      "UnitPrice": 0,
      "Keywords": "nutritional-&-allied-deficiencyotc products household supplies",
      "Strength": "10 Capsules",
      "ProductShortDescription": "",
      "Salts": {
        "NameSearch": "omega-3 fatty acids + green tea extract + ginkgo biloba extract + ginseng extract + grape seed extract + multivitamin + multimineral + trace elements",
        "SaltStrengthRaw": "Biotin 100mcg + Boron Proteonate 150mcg + Choline Hydrogen Tartrate 25mg + Chromium Picolinate 50mcg + Citrus Bioflavonoid (8mg Of Bioflavonoid) 25mg + Cupric Sulphate 0.5mg + Docosahexaenoic Acid 60mg + Eicosapentaenoic Acid 90mg + Ferrous Fumarate 17mg + Folic Acid 100mcg + Ginko Biloba Extract 40mg + Ginseng Extract 90mg + Grape Seed Extract 15mg + Green Tea Extract 10mg + Lactobacillus Acidophilus 5*10 8cfu + Lutein 10% 250mcg + Lycopene 10% 5mg + Magnesium Oxide 46.5mg + Piperine 5mg + Potassium Iodide 150mcg + Sodium Hydrogen Selenite 40mcg + Vitamin A 600mcg + Vitamin B1 1mg + Vitamin B12 1mcg + Vitamin B2 1.1mg + Vitamin B3 12mg + Vitamin B6 2mg + Vitamin C 40mg + Vitamin D3 400iu + Vitamin E 10mg + Vitamin K1 55mcg + Wheat Germ Oil 25mg + Zinc Oxide 10mg",
        "SaltStrength": "BIOTIN100MCGBORONPROTEONATE150MCGCHOLINEHYDROGENTARTRATE25MGCHROMIUMPICOLINATE50MCGCITRUSBIOFLAVONOID8MGOFBIOFLAVONOID25MGCUPRICSULPHATE0.5MGDOCOSAHEXAENOICACID60MGEICOSAPENTAENOICACID90MGFERROUSFUMARATE17MGFOLICACID100MCGGINKOBILOBAEXTRACT40MGGINSENGEXTRACT90MGGRAPESEEDEXTRACT15MGGREENTEAEXTRACT10MGLACTOBACILLUSACIDOPHILUS5108CFULUTEIN10250MCGLYCOPENE105MGMAGNESIUMOXIDE46.5MGPIPERINE5MGPOTASSIUMIODIDE150MCGSODIUMHYDROGENSELENITE40MCGVITAMINA600MCGVITAMINB11MGVITAMINB121MCGVITAMINB21.1MGVITAMINB312MGVITAMINB62MGVITAMINC40MGVITAMIND3400IUVITAMINE10MGVITAMINK155MCGWHEATGERMOIL25MGZINCOXIDE10MG",
        "Id": "4193",
        "Code": "SN03397",
        "Name": "Omega-3 Fatty Acids + Green Tea Extract + Ginkgo Biloba Extract + Ginseng Extract + Grape Seed Extract + Multivitamin + Multimineral + Trace Elements"
      },
      "MfgGroup": "Macleods Pharmaceuticals Ltd.",
      "EncodeProdId": "69r9ue",
      "CustDiscPercent": 14,
      "CustOfferPrice": 156,
      "PTR": 0,
      "PTRDiscPercent": 0,
      "SchemeFreeBaseQty": 0,
      "OfferCategoryId": 0,
      "OfferCategory": "",
      "OfferTitle": "",
      "OfferImage": "",
      "ApplyPincodeWiseDiscount": false,
      "IsPurchased": 0,
      "DisplayFactor": 1,
      "SKUOrderCount": 6643,
      "MaxSKUOrderCount": 0,
      "PKLotId": "1003232030",
      "SchemeFreeBaseQtyOfferText": "",
      "CustomScoreManipulator": 2093,
      "RecentOrderCount": 1278,
      "RecentProductCount": 2865,
      "RecentCustCount": 626,
      "RefProductId": null,
      "RouteId": 0,
      "BrandImage": "",
      "PrimaryDisease": "",
      "CustHighDisc": 0,
      "OfferPrice": 156,
      "DiscountPercent": 14,
      "MinQty": 1,
      "IsOutOfStock": "N",
      "IsCourierable": 1,
      "MRP": 181.5,
      "ExpiryDate": "2023-02-01T00:00:00.000Z",
      "LastMRP": 181.5,
      "score": 1
    },
    {
      "ProductName": "Cadbury Bournvita Powder Refill",
      "Brand": "Mondelez India Food Private Limited",
      "DosageForm": "health drinks",
      "PrescriptionOTC": "O",
      "InteractiveModule": null,
      "InteractiveSubModule": "",
      "DeliveryDelayedDay": 0,
      "ProductId": "3588",
      "DisplayName": "Cadbury Bournvita Powder Refill 500 g",
      "ProductAliasName": "Cadbury Bournvita Powder Refill 500 g",
      "ProductImage": "Cadbury-Bournvita-Powder-Refill-1600076836-10004099-1.jpg",
      "IsNew": 1,
      "HasOffer": "N",
      "IsGiftableProduct": 0,
      "IsCustomizable": 0,
      "IsFeatured": 0,
      "DosageRestriction": 3,
      "DosageAlert": 0,
      "Active": 1,
      "ProductStatus": "C",
      "IsRedeemable": 0,
      "DosageFormDisplaySeq": null,
      "DocumentId": "3588",
      "GroupSize": 3,
      "AvgRating": 4.57,
      "NumRating": 287,
      "OrderCount": 9155,
      "NumCustomer": 6094,
      "DisplayRank": 0,
      "UnitPrice": 39.038000000000004,
      "Keywords": "kid chocolate grocery bornvita born vita healthdrinkotc products household supplies",
      "Strength": "500 g",
      "ProductShortDescription": "",
      "Salts": {},
      "MfgGroup": "Mondelez India Food Private Limited",
      "EncodeProdId": "3g3a8f",
      "CustDiscPercent": 6,
      "CustOfferPrice": 195.19,
      "PTR": 0,
      "PTRDiscPercent": 0,
      "SchemeFreeBaseQty": 0,
      "OfferCategoryId": 0,
      "OfferCategory": "",
      "OfferTitle": "",
      "OfferImage": "",
      "ApplyPincodeWiseDiscount": false,
      "IsPurchased": 0,
      "DisplayFactor": 1,
      "SKUOrderCount": 6612,
      "MaxSKUOrderCount": 0,
      "PKLotId": "1003305666",
      "SchemeFreeBaseQtyOfferText": "",
      "CustomScoreManipulator": 1723,
      "RecentOrderCount": 932,
      "RecentProductCount": 989,
      "RecentCustCount": 733,
      "RefProductId": null,
      "RouteId": 0,
      "BrandImage": "1499176365_bourvita.jpg",
      "PrimaryDisease": "",
      "CustHighDisc": 0,
      "OfferPrice": 195.19,
      "DiscountPercent": 6,
      "MinQty": 1,
      "IsOutOfStock": "N",
      "IsCourierable": 1,
      "MRP": 209,
      "ExpiryDate": "2023-02-28T00:00:00.000Z",
      "LastMRP": 209,
      "score": 1
    },
    {
      "ProductName": "A TO Z NS New",
      "Brand": "Alkem Laboratories Ltd.(m)",
      "DosageForm": "tablet.",
      "PrescriptionOTC": "M",
      "InteractiveModule": null,
      "InteractiveSubModule": "",
      "DeliveryDelayedDay": 0,
      "ProductId": "2400",
      "DisplayName": "A TO Z NS New 15 Tablets",
      "ProductAliasName": "A TO Z NS New 15 Tablets",
      "ProductImage": "A-TO-Z-NSNew-1631010699-10002422-1.jpg",
      "IsNew": 1,
      "HasOffer": "Y",
      "IsGiftableProduct": 0,
      "IsCustomizable": 0,
      "IsFeatured": 0,
      "DosageRestriction": 0,
      "DosageAlert": 0,
      "Active": 1,
      "ProductStatus": "C",
      "IsRedeemable": 0,
      "DosageFormDisplaySeq": null,
      "DocumentId": "2400",
      "GroupSize": 1,
      "AvgRating": 0,
      "NumRating": 99,
      "OrderCount": 116490,
      "NumCustomer": 38774,
      "DisplayRank": 99,
      "UnitPrice": 0,
      "Keywords": "vitamin-&-mineral-deficiency atozotc products household supplies",
      "Strength": "15 Tablets",
      "ProductShortDescription": "",
      "Salts": {
        "NameSearch": "antioxidants + multivitamin + multimineral",
        "SaltStrengthRaw": "Lycopene (10%) 2mg + Vitamin C 25mg + Vitamin B3 12mg + Vitamin E 8mg + Vitamin B5 3.0mg + Vitamin B6 1.5mg + Vitamin B2 0.9mg + Vitamin B1 0.8mg + Vitamin A Acetate 350mcg + Folic Acid 60mcg + Zinc Oxide 9mg + Manganese Chloride 2mg + Copper Gluconate 900mcg + Sodium Selenate 30mcg ",
        "SaltStrength": "COPPERGLUCONATE900MCGFOLICACID60MCGLYCOPENE102MGMANGANESECHLORIDE2MGSODIUMSELENATE30MCGVITAMINAACETATE350MCGVITAMINB10.8MGVITAMINB20.9MGVITAMINB312MGVITAMINB53.0MGVITAMINB61.5MGVITAMINC25MGVITAMINE8MGZINCOXIDE9MG",
        "Id": "4284",
        "Code": "SN03481",
        "Name": "Antioxidants + Multivitamin + Multimineral"
      },
      "MfgGroup": "Alkem Laboratories Ltd.(M)",
      "EncodeProdId": "y2cedt",
      "CustDiscPercent": 14,
      "CustOfferPrice": 106.44,
      "PTR": 0,
      "PTRDiscPercent": 0,
      "SchemeFreeBaseQty": 0,
      "OfferCategoryId": 8,
      "OfferCategory": "Best Prices On Top Sellers",
      "OfferTitle": "Best Sellers",
      "OfferImage": "",
      "ApplyPincodeWiseDiscount": false,
      "IsPurchased": 0,
      "DisplayFactor": 1,
      "SKUOrderCount": 116490,
      "MaxSKUOrderCount": 0,
      "PKLotId": "1003142074",
      "SchemeFreeBaseQtyOfferText": "",
      "CustomScoreManipulator": 37703,
      "RecentOrderCount": 23407,
      "RecentProductCount": 49955,
      "RecentCustCount": 12980,
      "RefProductId": null,
      "RouteId": 1,
      "BrandImage": "",
      "PrimaryDisease": "",
      "CustHighDisc": 0,
      "OfferPrice": 106.44,
      "DiscountPercent": 14,
      "MinQty": 1,
      "IsOutOfStock": "N",
      "IsCourierable": 1,
      "MRP": 125,
      "ExpiryDate": "2023-02-28T00:00:00.000Z",
      "LastMRP": 125,
      "score": 0.8
    },
    {
      "ProductName": "Sugar Free Gold Low Calorie Sweetener",
      "Brand": "Zydus Wellness Products Ltd.(gujarat)",
      "DosageForm": "artificial sweeteners",
      "PrescriptionOTC": "O",
      "InteractiveModule": null,
      "InteractiveSubModule": "",
      "DeliveryDelayedDay": 0,
      "ProductId": "3969",
      "DisplayName": "Sugar Free Gold Low Calorie Sweetener 100 g",
      "ProductAliasName": "Sugar Free Gold Low Calorie Sweetener 100 g",
      "ProductImage": "Sugar-Free-Gold-Powder-1596260247-10004481-1.jpg",
      "IsNew": 1,
      "HasOffer": "N",
      "IsGiftableProduct": 0,
      "IsCustomizable": 0,
      "IsFeatured": 0,
      "DosageRestriction": 3,
      "DosageAlert": 0,
      "Active": 1,
      "ProductStatus": "C",
      "IsRedeemable": 0,
      "DosageFormDisplaySeq": 47,
      "DocumentId": "3962",
      "GroupSize": 8,
      "AvgRating": 4.64,
      "NumRating": 2449,
      "OrderCount": 145374,
      "NumCustomer": 51631,
      "DisplayRank": 0,
      "UnitPrice": 130.83,
      "Keywords": "artificial sweetener sweetening diabetes diabetic sugarfree groceryotc products household supplies",
      "Strength": "100 g",
      "ProductShortDescription": "",
      "Salts": {},
      "MfgGroup": "Zydus Wellness Products Ltd.(Gujarat)",
      "EncodeProdId": "ckmtzj",
      "CustDiscPercent": 12,
      "CustOfferPrice": 130.83,
      "PTR": 0,
      "PTRDiscPercent": 0,
      "SchemeFreeBaseQty": 0,
      "OfferCategoryId": 0,
      "OfferCategory": "",
      "OfferTitle": "",
      "OfferImage": "",
      "ApplyPincodeWiseDiscount": false,
      "IsPurchased": 0,
      "DisplayFactor": 1,
      "SKUOrderCount": 49393,
      "MaxSKUOrderCount": 0,
      "PKLotId": "1003215937",
      "SchemeFreeBaseQtyOfferText": "",
      "CustomScoreManipulator": 12010,
      "RecentOrderCount": 6216,
      "RecentProductCount": 8773,
      "RecentCustCount": 3168,
      "RefProductId": null,
      "RouteId": 0,
      "BrandImage": "1499230670_sugar-free.jpg",
      "PrimaryDisease": "diabetes type 2",
      "CustHighDisc": 0,
      "OfferPrice": 130.83,
      "DiscountPercent": 12,
      "MinQty": 1,
      "IsOutOfStock": "N",
      "IsCourierable": 1,
      "MRP": 150,
      "ExpiryDate": "2024-01-31T00:00:00.000Z",
      "LastMRP": 150,
      "score": 0.8
    },
    {
      "ProductName": "Softovac Husk",
      "Brand": "Lupin Ltd.(m1)",
      "DosageForm": "powder",
      "PrescriptionOTC": "M",
      "InteractiveModule": null,
      "InteractiveSubModule": "",
      "DeliveryDelayedDay": 0,
      "ProductId": "3944",
      "DisplayName": "Softovac Husk 100 g",
      "ProductAliasName": "Softovac Husk 100 g",
      "ProductImage": "Softovac-1598074956-10004456-1.jpg",
      "IsNew": 1,
      "HasOffer": "Y",
      "IsGiftableProduct": 0,
      "IsCustomizable": 0,
      "IsFeatured": 0,
      "DosageRestriction": 0,
      "DosageAlert": 0,
      "Active": 1,
      "ProductStatus": "C",
      "IsRedeemable": 0,
      "DosageFormDisplaySeq": null,
      "DocumentId": "3944",
      "GroupSize": 2,
      "AvgRating": 0,
      "NumRating": 57,
      "OrderCount": 58991,
      "NumCustomer": 17985,
      "DisplayRank": 99,
      "UnitPrice": 139.32,
      "Keywords": "constipation stool softner dabur-sat-isabgol naturolax-a telephone-sat-isabgol constepationotc products household supplies",
      "Strength": "100 g",
      "ProductShortDescription": "",
      "Salts": {
        "NameSearch": "ispaghula",
        "SaltStrengthRaw": "Proprietary Ayurvedic Medicine",
        "SaltStrength": "PROPRIETARYAYURVEDICMEDICINE",
        "Id": "723",
        "Code": "SN00784",
        "Name": "Ispaghula"
      },
      "MfgGroup": "Lupin Ltd.(M1)",
      "EncodeProdId": "nxrme4",
      "CustDiscPercent": 18,
      "CustOfferPrice": 139.32,
      "PTR": 0,
      "PTRDiscPercent": 0,
      "SchemeFreeBaseQty": 0,
      "OfferCategoryId": 2,
      "OfferCategory": "Extra Offer",
      "OfferTitle": "18% OFF",
      "OfferImage": "10004456_1.jpg",
      "ApplyPincodeWiseDiscount": false,
      "IsPurchased": 0,
      "DisplayFactor": 1,
      "SKUOrderCount": 44816,
      "MaxSKUOrderCount": 0,
      "PKLotId": "1003236488",
      "SchemeFreeBaseQtyOfferText": "",
      "CustomScoreManipulator": 9161,
      "RecentOrderCount": 3234,
      "RecentProductCount": 4530,
      "RecentCustCount": 1790,
      "RefProductId": null,
      "RouteId": 0,
      "BrandImage": "",
      "PrimaryDisease": "constipation",
      "CustHighDisc": 0,
      "OfferPrice": 139.32,
      "DiscountPercent": 18,
      "MinQty": 1,
      "IsOutOfStock": "N",
      "IsCourierable": 1,
      "MRP": 170,
      "ExpiryDate": "2024-11-01T00:00:00.000Z",
      "LastMRP": 170,
      "score": 0.8
    },
    {
      "ProductName": "Boroline Antiseptic Ayurvedic Cream",
      "Brand": "G.d.pharmaceuticals (p) Limited",
      "DosageForm": "antiseptic cream",
      "PrescriptionOTC": "O",
      "InteractiveModule": null,
      "InteractiveSubModule": "",
      "DeliveryDelayedDay": 0,
      "ProductId": "3612",
      "DisplayName": "Boroline Antiseptic Ayurvedic Cream 40 g",
      "ProductAliasName": "Boroline Antiseptic Ayurvedic Cream 40 g",
      "ProductImage": "Boroline-Cream-1571302592-10004123-1.jpg",
      "IsNew": 1,
      "HasOffer": "Y",
      "IsGiftableProduct": 0,
      "IsCustomizable": 0,
      "IsFeatured": 0,
      "DosageRestriction": 3,
      "DosageAlert": 0,
      "Active": 1,
      "ProductStatus": "C",
      "IsRedeemable": 0,
      "DosageFormDisplaySeq": null,
      "DocumentId": "3610",
      "GroupSize": 3,
      "AvgRating": 4.7,
      "NumRating": 3333,
      "OrderCount": 100650,
      "NumCustomer": 60547,
      "DisplayRank": 0,
      "UnitPrice": 174.5,
      "Keywords": "cut wound burn rashes sores  fungal skin infection moisturiser moisturising womendayotc products household supplies",
      "Strength": "40 g",
      "ProductShortDescription": "",
      "Salts": {},
      "MfgGroup": "G.D.Pharmaceuticals (P) Limited",
      "EncodeProdId": "6ry6qg",
      "CustDiscPercent": 6,
      "CustOfferPrice": 69.8,
      "PTR": 0,
      "PTRDiscPercent": 0,
      "SchemeFreeBaseQty": 0,
      "OfferCategoryId": 10,
      "OfferCategory": "Curated Brands For You",
      "OfferTitle": "Top Brands",
      "OfferImage": "",
      "ApplyPincodeWiseDiscount": false,
      "IsPurchased": 0,
      "DisplayFactor": 1,
      "SKUOrderCount": 36423,
      "MaxSKUOrderCount": 0,
      "PKLotId": "1003268408",
      "SchemeFreeBaseQtyOfferText": "",
      "CustomScoreManipulator": 10897,
      "RecentOrderCount": 6727,
      "RecentProductCount": 7694,
      "RecentCustCount": 5498,
      "RefProductId": null,
      "RouteId": 0,
      "BrandImage": "1499229443_Boroline.jpg",
      "PrimaryDisease": "",
      "CustHighDisc": 0,
      "OfferPrice": 69.8,
      "DiscountPercent": 6,
      "MinQty": 1,
      "IsOutOfStock": "N",
      "IsCourierable": 1,
      "MRP": 75,
      "ExpiryDate": "2024-12-31T00:00:00.000Z",
      "LastMRP": 75,
      "score": 0.8
    },
    {
      "ProductName": "Digene (Mint Flavour)",
      "Brand": "Abbott India Limited(g)",
      "DosageForm": "tablet.",
      "PrescriptionOTC": "M",
      "InteractiveModule": null,
      "InteractiveSubModule": "",
      "DeliveryDelayedDay": 0,
      "ProductId": "23276",
      "DisplayName": "Digene (Mint Flavour) 15 Tablets",
      "ProductAliasName": "Digene (Mint Flavour) 15 Tablets",
      "ProductImage": "Digene-Mint-1599478525-10022326-1.jpg",
      "IsNew": 1,
      "HasOffer": "N",
      "IsGiftableProduct": 0,
      "IsCustomizable": 0,
      "IsFeatured": 0,
      "DosageRestriction": 0,
      "DosageAlert": 0,
      "Active": 1,
      "ProductStatus": "C",
      "IsRedeemable": 0,
      "DosageFormDisplaySeq": null,
      "DocumentId": "2496",
      "GroupSize": 2,
      "AvgRating": 0,
      "NumRating": 60,
      "OrderCount": 33910,
      "NumCustomer": 15086,
      "DisplayRank": 99,
      "UnitPrice": 0,
      "Keywords": "gastritis gastric hyperacidity indigestion acidity gas digene (mint) tablet (12 tab)otc products household supplies",
      "Strength": "15 Tablets",
      "ProductShortDescription": "",
      "Salts": {
        "NameSearch": "aluminium hydroxide + magnesium hydroxide + magnesium aluminium silicate hydrate + simethicone",
        "SaltStrengthRaw": "Each Uncoated Chewable Tablet Contains:<br>dried Aluminium Hydroxide Gel 300mg + Magnesium Aluminium Silicate Hydrate 50mg + Magnesium Hydroxide 25mg + Simethicone 25mg",
        "SaltStrength": "EACHUNCOATEDCHEWABLETABLETCONTAINSBRDRIEDALUMINIUMHYDROXIDEGEL300MGMAGNESIUMALUMINIUMSILICATEHYDRATE50MGMAGNESIUMHYDROXIDE25MGSIMETHICONE25MG",
        "Id": "3761",
        "Code": "SN03093",
        "Name": "Aluminium Hydroxide + Magnesium Hydroxide + Magnesium Aluminium Silicate Hydrate + Simethicone"
      },
      "MfgGroup": "Abbott India Limited(G)",
      "EncodeProdId": "wmzwqx",
      "CustDiscPercent": 23,
      "CustOfferPrice": 16.72,
      "PTR": 0,
      "PTRDiscPercent": 0,
      "SchemeFreeBaseQty": 0,
      "OfferCategoryId": 0,
      "OfferCategory": "",
      "OfferTitle": "",
      "OfferImage": "",
      "ApplyPincodeWiseDiscount": false,
      "IsPurchased": 0,
      "DisplayFactor": 1,
      "SKUOrderCount": 32280,
      "MaxSKUOrderCount": 0,
      "PKLotId": "1003216715",
      "SchemeFreeBaseQtyOfferText": "",
      "CustomScoreManipulator": 8967,
      "RecentOrderCount": 4763,
      "RecentProductCount": 9422,
      "RecentCustCount": 2982,
      "RefProductId": null,
      "RouteId": 1,
      "BrandImage": null,
      "PrimaryDisease": "",
      "CustHighDisc": 1,
      "OfferPrice": 16.72,
      "DiscountPercent": 23,
      "MinQty": 1,
      "IsOutOfStock": "N",
      "IsCourierable": 1,
      "MRP": 21.95,
      "ExpiryDate": "2024-11-30T00:00:00.000Z",
      "LastMRP": 21.95,
      "score": 0.8
    },
    {
      "ProductName": "Volini Spray",
      "Brand": "Sun Pharmaceutical Ind.ltd.(m)",
      "DosageForm": "pain relief",
      "PrescriptionOTC": "M",
      "InteractiveModule": null,
      "InteractiveSubModule": "",
      "DeliveryDelayedDay": 0,
      "ProductId": "9841",
      "DisplayName": "Volini Spray 100 g",
      "ProductAliasName": "Volini Spray 100 g",
      "ProductImage": "Volini-Spray-1634630839-10010012-1.jpg",
      "IsNew": 1,
      "HasOffer": "Y",
      "IsGiftableProduct": 0,
      "IsCustomizable": 0,
      "IsFeatured": 0,
      "DosageRestriction": 0,
      "DosageAlert": 0,
      "Active": 1,
      "ProductStatus": "C",
      "IsRedeemable": 0,
      "DosageFormDisplaySeq": null,
      "DocumentId": "9841",
      "GroupSize": 3,
      "AvgRating": 0,
      "NumRating": 189,
      "OrderCount": 69208,
      "NumCustomer": 47703,
      "DisplayRank": 0,
      "UnitPrice": 264.83,
      "Keywords": "volini-pain-relief-spray-price volini-spray-cost volini-spray-composition volini-spray-uses volini-spray-price volini-spray volini-spray-price-in-india volini-pain-relief-spray volini-spray-price-list how-to-use-volini-spray volini-spray-during-pregnancy relispray-vs-volini price-of-volini-spray volini-spray-side-effects how-does-volini-spray-work volini-spray-ingredients volini-spray-online pain-relief-spray-volini volini-spray-review side-effects-of-volini-spray volini-activ-herbal-spray is-volini-spray-safe-during-pregnancy volini-spray-vs-gel volini-spray-in-eyes is-volini-spray-safe-in-pregnancy volini-spray-company volini-spray-alternative volini-spray-100-gm-price artharitis joient artheritis back acheotc products household supplies",
      "Strength": "100 g",
      "ProductShortDescription": "",
      "Salts": {
        "NameSearch": "pain inflammation",
        "SaltStrengthRaw": "Diclofenac Diethylamine + Virgin Linseed Oil + Methyl Salicylate + Menthol",
        "SaltStrength": "DICLOFENACDIETHYLAMINEMENTHOLMETHYLSALICYLATEVIRGINLINSEEDOIL",
        "Id": "2773",
        "Code": "SN02554",
        "Name": "Pain Inflammation"
      },
      "MfgGroup": "Sun Pharmaceutical Ind.Ltd.(M)",
      "EncodeProdId": "q3r8rm",
      "CustDiscPercent": 17,
      "CustOfferPrice": 264.83,
      "PTR": 0,
      "PTRDiscPercent": 0,
      "SchemeFreeBaseQty": 0,
      "OfferCategoryId": 10,
      "OfferCategory": "Curated Brands For You",
      "OfferTitle": "Top Brands",
      "OfferImage": "",
      "ApplyPincodeWiseDiscount": false,
      "IsPurchased": 0,
      "DisplayFactor": 1,
      "SKUOrderCount": 31332,
      "MaxSKUOrderCount": 0,
      "PKLotId": "1002946300",
      "SchemeFreeBaseQtyOfferText": "",
      "CustomScoreManipulator": 7831,
      "RecentOrderCount": 3909,
      "RecentProductCount": 4281,
      "RecentCustCount": 3200,
      "RefProductId": null,
      "RouteId": 0,
      "BrandImage": "",
      "PrimaryDisease": "headche, pain, inflamation, bone related disease",
      "CustHighDisc": 0,
      "OfferPrice": 264.83,
      "DiscountPercent": 17,
      "MinQty": 1,
      "IsOutOfStock": "N",
      "IsCourierable": 1,
      "MRP": 320,
      "ExpiryDate": "2023-09-30T00:00:00.000Z",
      "LastMRP": 320,
      "score": 0.8
    },
    {
      "ProductName": "Dettol Antiseptic Liquid",
      "Brand": "Reckitt Benckiser India Pvt. Ltd. (mysore)",
      "DosageForm": "antiseptic & disinfectant",
      "PrescriptionOTC": "O",
      "InteractiveModule": null,
      "InteractiveSubModule": "",
      "DeliveryDelayedDay": 0,
      "ProductId": "66905",
      "DisplayName": "Dettol Antiseptic Liquid 1 L",
      "ProductAliasName": "Dettol Antiseptic Liquid 1 L",
      "ProductImage": "Dettol-Antiseptic-Liquid-1606975212-10041932-1.jpg",
      "IsNew": 1,
      "HasOffer": "Y",
      "IsGiftableProduct": 0,
      "IsCustomizable": 0,
      "IsFeatured": 0,
      "DosageRestriction": 1,
      "DosageAlert": 0,
      "Active": 1,
      "ProductStatus": "C",
      "IsRedeemable": 0,
      "DosageFormDisplaySeq": null,
      "DocumentId": "3867",
      "GroupSize": 5,
      "AvgRating": 4.7,
      "NumRating": 6815,
      "OrderCount": 178491,
      "NumCustomer": 120962,
      "DisplayRank": 99,
      "UnitPrice": 31602.999999999996,
      "Keywords": "infection cut scratch insect bites antiseptic-&-disinfectant antiseptic-liquid detolotc products household supplies",
      "Strength": "1 L",
      "ProductShortDescription": "",
      "Salts": {},
      "MfgGroup": "Reckitt Benckiser India Pvt. Ltd. (Mysore)",
      "EncodeProdId": "p8l938",
      "CustDiscPercent": 4,
      "CustOfferPrice": 316.03,
      "PTR": 0,
      "PTRDiscPercent": 0,
      "SchemeFreeBaseQty": 0,
      "OfferCategoryId": 8,
      "OfferCategory": "Best Prices On Top Sellers",
      "OfferTitle": "Best Sellers",
      "OfferImage": "",
      "ApplyPincodeWiseDiscount": false,
      "IsPurchased": 0,
      "DisplayFactor": 1,
      "SKUOrderCount": 29229,
      "MaxSKUOrderCount": 0,
      "PKLotId": "1003264188",
      "SchemeFreeBaseQtyOfferText": "",
      "CustomScoreManipulator": 12555,
      "RecentOrderCount": 10471,
      "RecentProductCount": 10649,
      "RecentCustCount": 8308,
      "RefProductId": "105068",
      "RouteId": 0,
      "BrandImage": "1499230939_dettol.jpg",
      "PrimaryDisease": "",
      "CustHighDisc": 0,
      "OfferPrice": 316.03,
      "DiscountPercent": 4,
      "MinQty": 1,
      "IsOutOfStock": "N",
      "IsCourierable": 1,
      "MRP": 331.41,
      "ExpiryDate": "2025-07-31T00:00:00.000Z",
      "LastMRP": 331.41,
      "score": 0.8
    },
    {
      "ProductName": "Dettol Antiseptic Liquid",
      "Brand": "Reckitt Benckiser (india) Pvt. Ltd. (k)",
      "DosageForm": "antiseptic & disinfectant",
      "PrescriptionOTC": "O",
      "InteractiveModule": null,
      "InteractiveSubModule": "",
      "DeliveryDelayedDay": 0,
      "ProductId": "74435",
      "DisplayName": "Dettol Antiseptic Liquid 550 ml",
      "ProductAliasName": "Dettol Antiseptic Liquid 550 ml",
      "ProductImage": "Dettol-Liq-1536058020-10049479-1.jpg",
      "IsNew": 1,
      "HasOffer": "N",
      "IsGiftableProduct": 0,
      "IsCustomizable": 0,
      "IsFeatured": 0,
      "DosageRestriction": 1,
      "DosageAlert": 0,
      "Active": 1,
      "ProductStatus": "C",
      "IsRedeemable": 0,
      "DosageFormDisplaySeq": null,
      "DocumentId": "3867",
      "GroupSize": 5,
      "AvgRating": 4.7,
      "NumRating": 6815,
      "OrderCount": 178491,
      "NumCustomer": 120962,
      "DisplayRank": 99,
      "UnitPrice": 32.165454545454544,
      "Keywords": "antiseptic-&-disinfectant antiseptic-liquidotc products household supplies",
      "Strength": "550 ml",
      "ProductShortDescription": "",
      "Salts": {},
      "MfgGroup": "Reckitt Benckiser (India) Pvt. Ltd. (K)",
      "EncodeProdId": "2wqfvg",
      "CustDiscPercent": 0,
      "CustOfferPrice": 176.91,
      "PTR": 0,
      "PTRDiscPercent": 0,
      "SchemeFreeBaseQty": 0,
      "OfferCategoryId": 0,
      "OfferCategory": "",
      "OfferTitle": "",
      "OfferImage": "",
      "ApplyPincodeWiseDiscount": false,
      "IsPurchased": 0,
      "DisplayFactor": 1,
      "SKUOrderCount": 28029,
      "MaxSKUOrderCount": 0,
      "PKLotId": "1002557924",
      "SchemeFreeBaseQtyOfferText": "",
      "CustomScoreManipulator": 9471,
      "RecentOrderCount": 6456,
      "RecentProductCount": 6791,
      "RecentCustCount": 5681,
      "RefProductId": "104657",
      "RouteId": 0,
      "BrandImage": "1499230939_dettol.jpg",
      "PrimaryDisease": "",
      "CustHighDisc": 0,
      "OfferPrice": 176.91,
      "DiscountPercent": 0,
      "MinQty": 1,
      "IsOutOfStock": "N",
      "IsCourierable": 1,
      "MRP": 176.91,
      "ExpiryDate": "2024-10-31T00:00:00.000Z",
      "LastMRP": 176.91,
      "score": 0.8
    },
    {
      "ProductName": "Zincovit Syrup",
      "Brand": "Apex Laboratories Private Limited",
      "DosageForm": "syrup",
      "PrescriptionOTC": "M",
      "InteractiveModule": null,
      "InteractiveSubModule": "",
      "DeliveryDelayedDay": 0,
      "ProductId": "6058",
      "DisplayName": "Zincovit Syrup 200 ml",
      "ProductAliasName": "Zincovit Syrup 200 ml",
      "ProductImage": "Zincovit-1597640784-10006067-1.jpg",
      "IsNew": 1,
      "HasOffer": "N",
      "IsGiftableProduct": 0,
      "IsCustomizable": 0,
      "IsFeatured": 0,
      "DosageRestriction": 0,
      "DosageAlert": 0,
      "Active": 1,
      "ProductStatus": "C",
      "IsRedeemable": 0,
      "DosageFormDisplaySeq": null,
      "DocumentId": "6058",
      "GroupSize": 1,
      "AvgRating": 0,
      "NumRating": 47,
      "OrderCount": 25792,
      "NumCustomer": 13131,
      "DisplayRank": 99,
      "UnitPrice": 57.485,
      "Keywords": "vitamin-&-mineral-deficiencyotc products household supplies",
      "Strength": "200 ml",
      "ProductShortDescription": "",
      "Salts": {
        "NameSearch": "multivitamin + multimineral",
        "SaltStrengthRaw": "Each Serving Of 5 Ml Contains:<br>vitamin B3 7.5mg + L-lysine 5mg + Zinc 5mg + Vitamin E 2.5mg + Vitamin B5 1.25mg + Vitamin B2 0.75mg + Vitamin B1 0.7mg + Vitamin B6 0.5mg + Vitamin A 375mcg + Iodine 38mcg + Copper 25mcg + Selenium 10mcg + Vitamin B12 0.5mcg",
        "SaltStrength": "COPPER25MCGEACHSERVINGOF5MLCONTAINSBRVITAMINB37.5MGIODINE38MCGLLYSINE5MGSELENIUM10MCGVITAMINA375MCGVITAMINB10.7MGVITAMINB120.5MCGVITAMINB20.75MGVITAMINB51.25MGVITAMINB60.5MGVITAMINE2.5MGZINC5MG",
        "Id": "4993",
        "Code": "SN04162",
        "Name": "Multivitamin + Multimineral"
      },
      "MfgGroup": "Apex Laboratories Private Limited",
      "EncodeProdId": "j5g5fs",
      "CustDiscPercent": 14,
      "CustOfferPrice": 114.97,
      "PTR": 0,
      "PTRDiscPercent": 0,
      "SchemeFreeBaseQty": 0,
      "OfferCategoryId": 0,
      "OfferCategory": "",
      "OfferTitle": "",
      "OfferImage": "",
      "ApplyPincodeWiseDiscount": false,
      "IsPurchased": 0,
      "DisplayFactor": 1,
      "SKUOrderCount": 25792,
      "MaxSKUOrderCount": 0,
      "PKLotId": "1003173074",
      "SchemeFreeBaseQtyOfferText": "",
      "CustomScoreManipulator": 7807,
      "RecentOrderCount": 4860,
      "RecentProductCount": 6829,
      "RecentCustCount": 3463,
      "RefProductId": null,
      "RouteId": 1,
      "BrandImage": "",
      "PrimaryDisease": "",
      "CustHighDisc": 0,
      "OfferPrice": 114.97,
      "DiscountPercent": 14,
      "MinQty": 1,
      "IsOutOfStock": "N",
      "IsCourierable": 1,
      "MRP": 135,
      "ExpiryDate": "2023-01-31T00:00:00.000Z",
      "LastMRP": 135,
      "score": 0.8
    },
    {
      "ProductName": "Dettol Antiseptic Liquid",
      "Brand": "Reckitt Benckiser (india) Pvt. Ltd. (k)",
      "DosageForm": "antiseptic & disinfectant",
      "PrescriptionOTC": "O",
      "InteractiveModule": null,
      "InteractiveSubModule": "",
      "DeliveryDelayedDay": 0,
      "ProductId": "81603",
      "DisplayName": "Dettol Antiseptic Liquid 125 ml",
      "ProductAliasName": "Dettol Antiseptic Liquid 125 ml",
      "ProductImage": "Dettol-Liq-Jar-1551354487-10056634-1.jpg",
      "IsNew": 1,
      "HasOffer": "N",
      "IsGiftableProduct": 0,
      "IsCustomizable": 0,
      "IsFeatured": 0,
      "DosageRestriction": 3,
      "DosageAlert": 0,
      "Active": 1,
      "ProductStatus": "C",
      "IsRedeemable": 0,
      "DosageFormDisplaySeq": null,
      "DocumentId": "3867",
      "GroupSize": 5,
      "AvgRating": 4.7,
      "NumRating": 6815,
      "OrderCount": 178491,
      "NumCustomer": 120962,
      "DisplayRank": 99,
      "UnitPrice": 48.4,
      "Keywords": "antiseptic-&-disinfectant antiseptic-liquidotc products household supplies",
      "Strength": "125 ml",
      "ProductShortDescription": "",
      "Salts": {},
      "MfgGroup": "Reckitt Benckiser (India) Pvt. Ltd. (K)",
      "EncodeProdId": "kr49tu",
      "CustDiscPercent": 0,
      "CustOfferPrice": 60.5,
      "PTR": 0,
      "PTRDiscPercent": 0,
      "SchemeFreeBaseQty": 0,
      "OfferCategoryId": 0,
      "OfferCategory": "",
      "OfferTitle": "",
      "OfferImage": "",
      "ApplyPincodeWiseDiscount": false,
      "IsPurchased": 0,
      "DisplayFactor": 1,
      "SKUOrderCount": 25536,
      "MaxSKUOrderCount": 0,
      "PKLotId": "1002527851",
      "SchemeFreeBaseQtyOfferText": "",
      "CustomScoreManipulator": 9072,
      "RecentOrderCount": 5866,
      "RecentProductCount": 9644,
      "RecentCustCount": 4975,
      "RefProductId": null,
      "RouteId": 0,
      "BrandImage": "1499230939_dettol.jpg",
      "PrimaryDisease": "",
      "CustHighDisc": 0,
      "OfferPrice": 60.5,
      "DiscountPercent": 0,
      "MinQty": 1,
      "IsOutOfStock": "N",
      "IsCourierable": 1,
      "MRP": 60.5,
      "ExpiryDate": "2023-04-30T00:00:00.000Z",
      "LastMRP": 60.5,
      "score": 0.8
    },
    {
      "ProductName": "Dettol Antiseptic Liquid",
      "Brand": "Reckitt Benckiser (india) Pvt. Ltd. (k)",
      "DosageForm": "antiseptic & disinfectant",
      "PrescriptionOTC": "O",
      "InteractiveModule": null,
      "InteractiveSubModule": "",
      "DeliveryDelayedDay": 0,
      "ProductId": "83975",
      "DisplayName": "Dettol Antiseptic Liquid 250 ml",
      "ProductAliasName": "Dettol Antiseptic Liquid 250 ml",
      "ProductImage": "Dettol-Antiseptic-Liquid-1558326605-10059006-1.jpg",
      "IsNew": 1,
      "HasOffer": "N",
      "IsGiftableProduct": 0,
      "IsCustomizable": 0,
      "IsFeatured": 0,
      "DosageRestriction": 3,
      "DosageAlert": 0,
      "Active": 1,
      "ProductStatus": "C",
      "IsRedeemable": 0,
      "DosageFormDisplaySeq": null,
      "DocumentId": "3867",
      "GroupSize": 5,
      "AvgRating": 4.7,
      "NumRating": 6815,
      "OrderCount": 178491,
      "NumCustomer": 120962,
      "DisplayRank": 99,
      "UnitPrice": 46.464,
      "Keywords": "antiseptic-&-disinfectant antiseptic-liquidotc products household supplies",
      "Strength": "250 ml",
      "ProductShortDescription": "",
      "Salts": {},
      "MfgGroup": "Reckitt Benckiser (India) Pvt. Ltd. (K)",
      "EncodeProdId": "c4frv7",
      "CustDiscPercent": 0,
      "CustOfferPrice": 116.16,
      "PTR": 0,
      "PTRDiscPercent": 0,
      "SchemeFreeBaseQty": 0,
      "OfferCategoryId": 0,
      "OfferCategory": "",
      "OfferTitle": "",
      "OfferImage": "",
      "ApplyPincodeWiseDiscount": false,
      "IsPurchased": 0,
      "DisplayFactor": 1,
      "SKUOrderCount": 25098,
      "MaxSKUOrderCount": 0,
      "PKLotId": "1002566085",
      "SchemeFreeBaseQtyOfferText": "",
      "CustomScoreManipulator": 8039,
      "RecentOrderCount": 4942,
      "RecentProductCount": 7195,
      "RecentCustCount": 4185,
      "RefProductId": "104955",
      "RouteId": 0,
      "BrandImage": "1499230939_dettol.jpg",
      "PrimaryDisease": "",
      "CustHighDisc": 0,
      "OfferPrice": 116.16,
      "DiscountPercent": 0,
      "MinQty": 1,
      "IsOutOfStock": "N",
      "IsCourierable": 1,
      "MRP": 116.16,
      "ExpiryDate": "2024-11-30T00:00:00.000Z",
      "LastMRP": 116.16,
      "score": 0.8
    },
    {
      "ProductName": "Sugar Free Natura Low Calorie Sweetener",
      "Brand": "Zydus Wellness Products Ltd. (g)",
      "DosageForm": "natural sweeteners",
      "PrescriptionOTC": "O",
      "InteractiveModule": null,
      "InteractiveSubModule": "",
      "DeliveryDelayedDay": 0,
      "ProductId": "3960",
      "DisplayName": "Sugar Free Natura Low Calorie Sweetener 100 g",
      "ProductAliasName": "Sugar Free Natura Low Calorie Sweetener 100 g",
      "ProductImage": "Sugar-Free-Natura-Powder-1596263257-10004472-1.jpg",
      "IsNew": 1,
      "HasOffer": "N",
      "IsGiftableProduct": 0,
      "IsCustomizable": 0,
      "IsFeatured": 0,
      "DosageRestriction": 0,
      "DosageAlert": 0,
      "Active": 1,
      "ProductStatus": "C",
      "IsRedeemable": 0,
      "DosageFormDisplaySeq": null,
      "DocumentId": "3956",
      "GroupSize": 9,
      "AvgRating": 4.61,
      "NumRating": 1021,
      "OrderCount": 41088,
      "NumCustomer": 17044,
      "DisplayRank": 0,
      "UnitPrice": 130.83,
      "Keywords": "artificial sweetener sweetening diabetes diabetic sugarfree grocery  sugarfreeotc products household supplies",
      "Strength": "100 g",
      "ProductShortDescription": "",
      "Salts": {},
      "MfgGroup": "Zydus Wellness Products Ltd. (G)",
      "EncodeProdId": "4u6zmm",
      "CustDiscPercent": 12,
      "CustOfferPrice": 130.83,
      "PTR": 0,
      "PTRDiscPercent": 0,
      "SchemeFreeBaseQty": 0,
      "OfferCategoryId": 0,
      "OfferCategory": "",
      "OfferTitle": "",
      "OfferImage": "",
      "ApplyPincodeWiseDiscount": false,
      "IsPurchased": 0,
      "DisplayFactor": 1,
      "SKUOrderCount": 22352,
      "MaxSKUOrderCount": 0,
      "PKLotId": "1003291213",
      "SchemeFreeBaseQtyOfferText": "",
      "CustomScoreManipulator": 5686,
      "RecentOrderCount": 3123,
      "RecentProductCount": 4331,
      "RecentCustCount": 1687,
      "RefProductId": "113197",
      "RouteId": 0,
      "BrandImage": "1499230670_sugar-free.jpg",
      "PrimaryDisease": "diabetes type 2",
      "CustHighDisc": 0,
      "OfferPrice": 130.83,
      "DiscountPercent": 12,
      "MinQty": 1,
      "IsOutOfStock": "N",
      "IsCourierable": 1,
      "MRP": 150,
      "ExpiryDate": "2023-11-30T00:00:00.000Z",
      "LastMRP": 150,
      "score": 0.8
    },
    {
      "ProductName": "Himalaya Liv 52",
      "Brand": "The Himalaya Drug Company",
      "DosageForm": "liver care",
      "PrescriptionOTC": "O",
      "InteractiveModule": null,
      "InteractiveSubModule": "",
      "DeliveryDelayedDay": 30,
      "ProductId": "5557",
      "DisplayName": "Himalaya Liv 52 100 Tablets",
      "ProductAliasName": "Himalaya Liv 52 100 Tablets",
      "ProductImage": "Himalaya-Liv-52-1618817586-10003720-1.jpg",
      "IsNew": 1,
      "HasOffer": "N",
      "IsGiftableProduct": 0,
      "IsCustomizable": 0,
      "IsFeatured": 0,
      "DosageRestriction": 0,
      "DosageAlert": 0,
      "Active": 1,
      "ProductStatus": "C",
      "IsRedeemable": 0,
      "DosageFormDisplaySeq": null,
      "DocumentId": "5557",
      "GroupSize": 1,
      "AvgRating": 4.5,
      "NumRating": 528,
      "OrderCount": 22268,
      "NumCustomer": 11122,
      "DisplayRank": 99,
      "UnitPrice": 0,
      "Keywords": "jaundice digetion apetite liv52otc products household supplies",
      "Strength": "100 Tablets",
      "ProductShortDescription": "",
      "Salts": {},
      "MfgGroup": "The Himalaya Drug Company",
      "EncodeProdId": "4nlz6l",
      "CustDiscPercent": 14,
      "CustOfferPrice": 102.08,
      "PTR": 0,
      "PTRDiscPercent": 0,
      "SchemeFreeBaseQty": 0,
      "OfferCategoryId": 0,
      "OfferCategory": "",
      "OfferTitle": "",
      "OfferImage": "",
      "ApplyPincodeWiseDiscount": false,
      "IsPurchased": 0,
      "DisplayFactor": 1,
      "SKUOrderCount": 22268,
      "MaxSKUOrderCount": 0,
      "PKLotId": "1003060869",
      "SchemeFreeBaseQtyOfferText": "",
      "CustomScoreManipulator": 5759,
      "RecentOrderCount": 3051,
      "RecentProductCount": 3899,
      "RecentCustCount": 2187,
      "RefProductId": null,
      "RouteId": 0,
      "BrandImage": "1495115832_Himalaya.jpg",
      "PrimaryDisease": "liver related",
      "CustHighDisc": 0,
      "OfferPrice": 102.08,
      "DiscountPercent": 14,
      "MinQty": 1,
      "IsOutOfStock": "N",
      "IsCourierable": 1,
      "MRP": 120,
      "ExpiryDate": "2024-09-30T00:00:00.000Z",
      "LastMRP": 120,
      "score": 0.8
    },
    {
      "ProductName": "Digene (Orange Flavour) Sugar Free Gel",
      "Brand": "Abbott India Limited",
      "DosageForm": "gel",
      "PrescriptionOTC": "P",
      "InteractiveModule": "",
      "InteractiveSubModule": "",
      "DeliveryDelayedDay": 0,
      "ProductId": "20796",
      "DisplayName": "Digene (Orange Flavour) Sugar Free Gel 450 ml",
      "ProductAliasName": "Digene (Orange Flavour) Sugar Free Gel 450 ml",
      "ProductImage": "Digene-Orange-Sugerfree-1599478516-10019842-1.jpg",
      "IsNew": 1,
      "HasOffer": "N",
      "IsGiftableProduct": 0,
      "IsCustomizable": 0,
      "IsFeatured": 0,
      "DosageRestriction": 0,
      "DosageAlert": 0,
      "Active": 1,
      "ProductStatus": "C",
      "IsRedeemable": 0,
      "DosageFormDisplaySeq": null,
      "DocumentId": "20796",
      "GroupSize": 1,
      "AvgRating": 0,
      "NumRating": 46,
      "OrderCount": 22003,
      "NumCustomer": 8977,
      "DisplayRank": 99,
      "UnitPrice": 30.902222222222225,
      "Keywords": "gastritis gastric hyperacidity indigestion acidity gas digin medicine",
      "Strength": "450 ml",
      "ProductShortDescription": "",
      "Salts": {
        "NameSearch": "aluminium hydroxide + magnesium hydroxide + simethicone + sodium carboxymethylcellulose",
        "SaltStrengthRaw": "Dried Aluminium Hydroxide (added As Paste) 830mg/10ml + Magnesium Hydroxide (added As Paste) 185mg/10ml + Simethicone 50mg/10ml + Sodium Carboxymethylcellulose 100mg/10ml",
        "SaltStrength": "DRIEDALUMINIUMHYDROXIDEADDEDASPASTE830MG10MLMAGNESIUMHYDROXIDEADDEDASPASTE185MG10MLSIMETHICONE50MG10MLSODIUMCARBOXYMETHYLCELLULOSE100MG10ML",
        "Id": "6193",
        "Code": "SN05187",
        "Name": "Aluminium Hydroxide + Magnesium Hydroxide + Simethicone + Sodium Carboxymethylcellulose"
      },
      "MfgGroup": "Abbott India Limited",
      "EncodeProdId": "3ygsk3",
      "CustDiscPercent": 29,
      "CustOfferPrice": 139.06,
      "PTR": 0,
      "PTRDiscPercent": 0,
      "SchemeFreeBaseQty": 0,
      "OfferCategoryId": 0,
      "OfferCategory": "",
      "OfferTitle": "",
      "OfferImage": "",
      "ApplyPincodeWiseDiscount": false,
      "IsPurchased": 0,
      "DisplayFactor": 1,
      "SKUOrderCount": 22003,
      "MaxSKUOrderCount": 0,
      "PKLotId": "1003216633",
      "SchemeFreeBaseQtyOfferText": "",
      "CustomScoreManipulator": 7622,
      "RecentOrderCount": 5927,
      "RecentProductCount": 6921,
      "RecentCustCount": 3454,
      "RefProductId": null,
      "RouteId": 1,
      "BrandImage": null,
      "PrimaryDisease": "",
      "CustHighDisc": 1,
      "OfferPrice": 139.06,
      "DiscountPercent": 29,
      "MinQty": 1,
      "IsOutOfStock": "N",
      "IsCourierable": 1,
      "MRP": 198.23,
      "ExpiryDate": "2023-02-28T00:00:00.000Z",
      "LastMRP": 198.23,
      "score": 0.8
    },
    {
      "ProductName": "Softovac SF Husk",
      "Brand": "Lupin Ltd.(m1)",
      "DosageForm": "powder",
      "PrescriptionOTC": "M",
      "InteractiveModule": null,
      "InteractiveSubModule": "",
      "DeliveryDelayedDay": 0,
      "ProductId": "78155",
      "DisplayName": "Softovac SF Husk 250 g",
      "ProductAliasName": "Softovac SF Husk 250 g",
      "ProductImage": "Softovac-SF-1598074969-10053200-1.jpg",
      "IsNew": 1,
      "HasOffer": "Y",
      "IsGiftableProduct": 0,
      "IsCustomizable": 0,
      "IsFeatured": 0,
      "DosageRestriction": 0,
      "DosageAlert": 0,
      "Active": 1,
      "ProductStatus": "C",
      "IsRedeemable": 0,
      "DosageFormDisplaySeq": null,
      "DocumentId": "3948",
      "GroupSize": 2,
      "AvgRating": 0,
      "NumRating": 39,
      "OrderCount": 68667,
      "NumCustomer": 18457,
      "DisplayRank": 99,
      "UnitPrice": 136.368,
      "Keywords": "otc products household supplies",
      "Strength": "250 g",
      "ProductShortDescription": "",
      "Salts": {
        "NameSearch": "ispaghula",
        "SaltStrengthRaw": "Proprietary Ayurvedic Medicine",
        "SaltStrength": "PROPRIETARYAYURVEDICMEDICINE",
        "Id": "723",
        "Code": "SN00784",
        "Name": "Ispaghula"
      },
      "MfgGroup": "Lupin Ltd.(M1)",
      "EncodeProdId": "esgxae",
      "CustDiscPercent": 17,
      "CustOfferPrice": 340.92,
      "PTR": 0,
      "PTRDiscPercent": 0,
      "SchemeFreeBaseQty": 0,
      "OfferCategoryId": 8,
      "OfferCategory": "Best Prices On Top Sellers",
      "OfferTitle": "Best Sellers",
      "OfferImage": "",
      "ApplyPincodeWiseDiscount": false,
      "IsPurchased": 0,
      "DisplayFactor": 1,
      "SKUOrderCount": 20805,
      "MaxSKUOrderCount": 0,
      "PKLotId": "1003175769",
      "SchemeFreeBaseQtyOfferText": "",
      "CustomScoreManipulator": 7175,
      "RecentOrderCount": 5788,
      "RecentProductCount": 7164,
      "RecentCustCount": 2724,
      "RefProductId": null,
      "RouteId": 0,
      "BrandImage": "",
      "PrimaryDisease": "",
      "CustHighDisc": 0,
      "OfferPrice": 340.92,
      "DiscountPercent": 17,
      "MinQty": 1,
      "IsOutOfStock": "N",
      "IsCourierable": 1,
      "MRP": 415,
      "ExpiryDate": "2024-09-30T00:00:00.000Z",
      "LastMRP": 415,
      "score": 0.8
    },
    {
      "ProductName": "Carmozyme Syrup",
      "Brand": "Mendine Pharmaceuticals Pvt.ltd.",
      "DosageForm": "syrup",
      "PrescriptionOTC": "M",
      "InteractiveModule": null,
      "InteractiveSubModule": "",
      "DeliveryDelayedDay": 0,
      "ProductId": "28496",
      "DisplayName": "Carmozyme Syrup 200 ml",
      "ProductAliasName": "Carmozyme Syrup 200 ml",
      "ProductImage": "Carmozyme-1600060491-10027555-1.jpg",
      "IsNew": 1,
      "HasOffer": "N",
      "IsGiftableProduct": 0,
      "IsCustomizable": 0,
      "IsFeatured": 0,
      "DosageRestriction": 0,
      "DosageAlert": 0,
      "Active": 1,
      "ProductStatus": "C",
      "IsRedeemable": 0,
      "DosageFormDisplaySeq": null,
      "DocumentId": "28495",
      "GroupSize": 4,
      "AvgRating": 0,
      "NumRating": 124,
      "OrderCount": 131330,
      "NumCustomer": 44868,
      "DisplayRank": 99,
      "UnitPrice": 37.45,
      "Keywords": "gastro-intestinal-disorderotc products household supplies",
      "Strength": "200 ml",
      "ProductShortDescription": "",
      "Salts": {
        "NameSearch": "fungal diastase + papain + nux vomica tincture + compound cardamom tincture + casein hydrolyzed + alcohol",
        "SaltStrengthRaw": "Each 5ml Contains:<br><br>diastase (fungal 1:800) (derived From Aspergillus Oryzae) 150mg + Papain 2.5mg + Nux Vomica Tincture 0.0125ml + Compound Cardamom Tincture 0.075ml + Casein Hydrolyzed 225mg + Alcohol 5% V/v",
        "SaltStrength": "ALCOHOL5VVCASEINHYDROLYZED225MGCOMPOUNDCARDAMOMTINCTURE0.075MLEACH5MLCONTAINSBRBRDIASTASEFUNGAL1800DERIVEDFROMASPERGILLUSORYZAE150MGNUXVOMICATINCTURE0.0125MLPAPAIN2.5MG",
        "Id": "4339",
        "Code": "SN03535",
        "Name": "Fungal Diastase + Papain + Nux Vomica Tincture + Compound Cardamom Tincture + Casein Hydrolyzed + Alcohol"
      },
      "MfgGroup": "Mendine Pharmaceuticals Pvt.Ltd.",
      "EncodeProdId": "s9hs2q",
      "CustDiscPercent": 24,
      "CustOfferPrice": 74.9,
      "PTR": 0,
      "PTRDiscPercent": 0,
      "SchemeFreeBaseQty": 0,
      "OfferCategoryId": 0,
      "OfferCategory": "",
      "OfferTitle": "",
      "OfferImage": "",
      "ApplyPincodeWiseDiscount": false,
      "IsPurchased": 0,
      "DisplayFactor": 1,
      "SKUOrderCount": 20584,
      "MaxSKUOrderCount": 0,
      "PKLotId": "1003259994",
      "SchemeFreeBaseQtyOfferText": "",
      "CustomScoreManipulator": 6126,
      "RecentOrderCount": 3942,
      "RecentProductCount": 4362,
      "RecentCustCount": 2867,
      "RefProductId": null,
      "RouteId": 0,
      "BrandImage": "",
      "PrimaryDisease": "",
      "CustHighDisc": 1,
      "OfferPrice": 74.9,
      "DiscountPercent": 24,
      "MinQty": 1,
      "IsOutOfStock": "N",
      "IsCourierable": 1,
      "MRP": 99,
      "ExpiryDate": "2023-02-28T00:00:00.000Z",
      "LastMRP": 99,
      "score": 0.8
    },
    {
      "ProductName": "Eno Cola Powder",
      "Brand": "Glaxosmithkline Asia Pvt. Ltd.",
      "DosageForm": "acidity & gas",
      "PrescriptionOTC": "O",
      "InteractiveModule": null,
      "InteractiveSubModule": "",
      "DeliveryDelayedDay": 30,
      "ProductId": "10758",
      "DisplayName": "Eno Cola Powder 5 g",
      "ProductAliasName": "Eno Cola Powder 5 g",
      "ProductImage": "Eno-Cola-Powder-1593597132-10010729-1.jpg",
      "IsNew": 1,
      "HasOffer": "N",
      "IsGiftableProduct": 0,
      "IsCustomizable": 0,
      "IsFeatured": 0,
      "DosageRestriction": 0,
      "DosageAlert": 0,
      "Active": 1,
      "ProductStatus": "C",
      "IsRedeemable": 0,
      "DosageFormDisplaySeq": null,
      "DocumentId": "10758",
      "GroupSize": 1,
      "AvgRating": 4.6,
      "NumRating": 547,
      "OrderCount": 19634,
      "NumCustomer": 10325,
      "DisplayRank": 99,
      "UnitPrice": 170.2,
      "Keywords": "indigestion gas  antacid digestion acedity indigetion antacedotc products household supplies",
      "Strength": "5 g",
      "ProductShortDescription": "",
      "Salts": {},
      "MfgGroup": "GlaxoSmithKline Asia Pvt. Ltd.",
      "EncodeProdId": "b2bhd5",
      "CustDiscPercent": 5,
      "CustOfferPrice": 8.51,
      "PTR": 0,
      "PTRDiscPercent": 0,
      "SchemeFreeBaseQty": 0,
      "OfferCategoryId": 0,
      "OfferCategory": "",
      "OfferTitle": "",
      "OfferImage": "",
      "ApplyPincodeWiseDiscount": false,
      "IsPurchased": 0,
      "DisplayFactor": 1,
      "SKUOrderCount": 19634,
      "MaxSKUOrderCount": 0,
      "PKLotId": "1003208525",
      "SchemeFreeBaseQtyOfferText": "",
      "CustomScoreManipulator": 7136,
      "RecentOrderCount": 3297,
      "RecentProductCount": 14692,
      "RecentCustCount": 2379,
      "RefProductId": null,
      "RouteId": 0,
      "BrandImage": "1499234734_eno.jpg",
      "PrimaryDisease": "liver related",
      "CustHighDisc": 0,
      "OfferPrice": 8.51,
      "DiscountPercent": 5,
      "MinQty": 1,
      "IsOutOfStock": "N",
      "IsCourierable": 1,
      "MRP": 9,
      "ExpiryDate": "2023-10-31T00:00:00.000Z",
      "LastMRP": 9,
      "score": 0.8
    },
    {
      "ProductName": "Volini Gel",
      "Brand": "Sun Pharmaceutical Ind. Ltd.",
      "DosageForm": "gel",
      "PrescriptionOTC": "M",
      "InteractiveModule": null,
      "InteractiveSubModule": "",
      "DeliveryDelayedDay": 0,
      "ProductId": "2424",
      "DisplayName": "Volini Gel 50 g",
      "ProductAliasName": "Volini Gel 50 g",
      "ProductImage": "Volini-1614052456-10002446-1.jpg",
      "IsNew": 1,
      "HasOffer": "N",
      "IsGiftableProduct": 0,
      "IsCustomizable": 0,
      "IsFeatured": 0,
      "DosageRestriction": 0,
      "DosageAlert": 0,
      "Active": 1,
      "ProductStatus": "C",
      "IsRedeemable": 0,
      "DosageFormDisplaySeq": null,
      "DocumentId": "2420",
      "GroupSize": 7,
      "AvgRating": 0,
      "NumRating": 219,
      "OrderCount": 103204,
      "NumCustomer": 61131,
      "DisplayRank": 99,
      "UnitPrice": 297.94,
      "Keywords": "pain arthritis backache muscular sprain omnigel volini-gel-composition omni-gel-vs-volini volini-vs-omni-gel volini-gel-mrp how-to-apply-volini-gel volini-gel-gel volini-gel volini-gel-price volini-gel-uses volini-gel-side-effects volini-gel-ingredients volini-gel-price-in-india volini-pain-relief-gel volini-gel-company composition-of-volini-gel volini-gel-during-pregnancy buy-volini-gel-online volini-pain-relief-gel-price price-of-volini-gel volini-spray-vs-gel volini-ranbaxy volini-logo volini-maxx-gel volini-cream volini-ointment volini-price volini-composition volini-wiki volini-tube volini-ad how-does-volini-work volini-ointment-price volini-meaning ranbaxy-volini why-does-volini-burn relispray-vs-volini volini-company volini-pain-relief volini-ingredients volini-medicine volini-plus volini-ad-actress can-volini-be-used-for-babies volini-during-pregnancy volini-ointment-uses volini-tablet volini-balm volini-side-effects can-volini-be-used-during-pregnancy volini-pronunciation side-effects-of-volini volini-360 how-volini-works volini-advertisement volini-vs-relispray systaflam-gel-vs-volini volini-price-in-india volini-gel-50-gm-price artharitis joient artheritis back acheotc products household supplies",
      "Strength": "50 g",
      "ProductShortDescription": "",
      "Salts": {
        "NameSearch": "pain inflammation",
        "SaltStrengthRaw": "Diclofenac Diethylamine (equivalent To Diclofenac Sodium 1% W/w) 1.16% W/w + Linseed Oil Bp 3% W/w + Methyl Salicylate 10% W/w + Menthol 5% W/w + Benzyl Alcohol 1% W/w ",
        "SaltStrength": "BENZYLALCOHOL1WWDICLOFENACDIETHYLAMINEEQUIVALENTTODICLOFENACSODIUM1WW1.16WWLINSEEDOILBP3WWMENTHOL5WWMETHYLSALICYLATE10WW",
        "Id": "2773",
        "Code": "SN02554",
        "Name": "Pain Inflammation"
      },
      "MfgGroup": "Sun Pharmaceutical Ind. Ltd.",
      "EncodeProdId": "72xdcp",
      "CustDiscPercent": 17,
      "CustOfferPrice": 148.97,
      "PTR": 0,
      "PTRDiscPercent": 0,
      "SchemeFreeBaseQty": 0,
      "OfferCategoryId": 0,
      "OfferCategory": "",
      "OfferTitle": "",
      "OfferImage": "",
      "ApplyPincodeWiseDiscount": false,
      "IsPurchased": 0,
      "DisplayFactor": 1,
      "SKUOrderCount": 18769,
      "MaxSKUOrderCount": 0,
      "PKLotId": "1003306301",
      "SchemeFreeBaseQtyOfferText": "",
      "CustomScoreManipulator": 4791,
      "RecentOrderCount": 2464,
      "RecentProductCount": 2576,
      "RecentCustCount": 2074,
      "RefProductId": null,
      "RouteId": 3,
      "BrandImage": "",
      "PrimaryDisease": "headche, pain, inflamation, bone related disease",
      "CustHighDisc": 0,
      "OfferPrice": 148.97,
      "DiscountPercent": 17,
      "MinQty": 1,
      "IsOutOfStock": "N",
      "IsCourierable": 1,
      "MRP": 180,
      "ExpiryDate": "2023-12-31T00:00:00.000Z",
      "LastMRP": 180,
      "score": 0.8
    },
    {
      "ProductName": "A TO Z Woman",
      "Brand": "Alkem Laboratories Ltd.(m)",
      "DosageForm": "capsule",
      "PrescriptionOTC": "M",
      "InteractiveModule": null,
      "InteractiveSubModule": "",
      "DeliveryDelayedDay": 0,
      "ProductId": "47719",
      "DisplayName": "A TO Z Woman 15 Capsules",
      "ProductAliasName": "A TO Z Woman 15 Capsules",
      "ProductImage": "A-TO-Z-Woman-1600066542-10035089-1.jpg",
      "IsNew": 1,
      "HasOffer": "N",
      "IsGiftableProduct": 0,
      "IsCustomizable": 0,
      "IsFeatured": 0,
      "DosageRestriction": 0,
      "DosageAlert": 0,
      "Active": 1,
      "ProductStatus": "C",
      "IsRedeemable": 0,
      "DosageFormDisplaySeq": null,
      "DocumentId": "47719",
      "GroupSize": 1,
      "AvgRating": 0,
      "NumRating": 19,
      "OrderCount": 17992,
      "NumCustomer": 7978,
      "DisplayRank": 99,
      "UnitPrice": 0,
      "Keywords": "vitamin-&-mineral-deficiencyotc products household supplies",
      "Strength": "15 Capsules",
      "ProductShortDescription": "",
      "Salts": {
        "NameSearch": "multivitamin + multimineral + natural extract",
        "SaltStrengthRaw": "Citrus Bioflavonoids 40% 150mg + Borage Oil (20% Gla) 120mg + Evening Primrose Oil (10% Gla) 100mg + Vitamin C 30mg + Vitamin B3 12mg + Vitamin E Acetate 7mg + Vitamin B5 4mg + Betacarotene (30% Dispersion) 3mg + Vitamin B6 1.1mg + Vitamin B1 1mg + Vitamin B2 1mg + Folic Acid 100mcg + Vitamin K1 40mcg + Biotin 25mcg + Vitamin D3 200iu + Vitamin B12 1mcg + Magnesium 50mg + Iron 12mg + Zinc 4mg + Manganese 2.5mg + Copper 1.35mg + Chromium 33mcg + Selenium 20mcg.",
        "SaltStrength": "BETACAROTENE30DISPERSION3MGBIOTIN25MCGBORAGEOIL20GLA120MGCHROMIUM33MCGCITRUSBIOFLAVONOIDS40150MGCOPPER1.35MGEVENINGPRIMROSEOIL10GLA100MGFOLICACID100MCGIRON12MGMAGNESIUM50MGMANGANESE2.5MGSELENIUM20MCG.VITAMINB11MGVITAMINB121MCGVITAMINB21MGVITAMINB312MGVITAMINB54MGVITAMINB61.1MGVITAMINC30MGVITAMIND3200IUVITAMINEACETATE7MGVITAMINK140MCGZINC4MG",
        "Id": "4725",
        "Code": "SN03900",
        "Name": "Multivitamin + Multimineral + Natural Extract"
      },
      "MfgGroup": "Alkem Laboratories Ltd.(M)",
      "EncodeProdId": "j5hqdb",
      "CustDiscPercent": 14,
      "CustOfferPrice": 255.45,
      "PTR": 0,
      "PTRDiscPercent": 0,
      "SchemeFreeBaseQty": 0,
      "OfferCategoryId": 0,
      "OfferCategory": "",
      "OfferTitle": "",
      "OfferImage": "",
      "ApplyPincodeWiseDiscount": false,
      "IsPurchased": 0,
      "DisplayFactor": 1,
      "SKUOrderCount": 17992,
      "MaxSKUOrderCount": 0,
      "PKLotId": "1003173484",
      "SchemeFreeBaseQtyOfferText": "",
      "CustomScoreManipulator": 5703,
      "RecentOrderCount": 3821,
      "RecentProductCount": 5976,
      "RecentCustCount": 2200,
      "RefProductId": null,
      "RouteId": 1,
      "BrandImage": "",
      "PrimaryDisease": "",
      "CustHighDisc": 0,
      "OfferPrice": 255.45,
      "DiscountPercent": 14,
      "MinQty": 1,
      "IsOutOfStock": "N",
      "IsCourierable": 1,
      "MRP": 300,
      "ExpiryDate": "2023-04-30T00:00:00.000Z",
      "LastMRP": 300,
      "score": 0.8
    },
    {
      "ProductName": "Sugar Free Gold Low Calorie Sweetener",
      "Brand": "Zydus Wellness Products Ltd.(gujarat)",
      "DosageForm": "artificial sweeteners",
      "PrescriptionOTC": "O",
      "InteractiveModule": null,
      "InteractiveSubModule": "",
      "DeliveryDelayedDay": 0,
      "ProductId": "3966",
      "DisplayName": "Sugar Free Gold Low Calorie Sweetener 300 Pellets",
      "ProductAliasName": "Sugar Free Gold Low Calorie Sweetener 300 Pellets",
      "ProductImage": "Sugar-Free-Gold-1596259632-10004478-1.jpg",
      "IsNew": 1,
      "HasOffer": "N",
      "IsGiftableProduct": 0,
      "IsCustomizable": 0,
      "IsFeatured": 0,
      "DosageRestriction": 3,
      "DosageAlert": 0,
      "Active": 1,
      "ProductStatus": "C",
      "IsRedeemable": 0,
      "DosageFormDisplaySeq": 47,
      "DocumentId": "3962",
      "GroupSize": 8,
      "AvgRating": 4.64,
      "NumRating": 2449,
      "OrderCount": 145374,
      "NumCustomer": 51631,
      "DisplayRank": 0,
      "UnitPrice": 56.31,
      "Keywords": "artificial sweetener sweetening diabetes diabetic sugarfree tablet tab groceryotc products household supplies",
      "Strength": "300 Pellets",
      "ProductShortDescription": "",
      "Salts": {},
      "MfgGroup": "Zydus Wellness Products Ltd.(Gujarat)",
      "EncodeProdId": "7279cm",
      "CustDiscPercent": 11,
      "CustOfferPrice": 168.93,
      "PTR": 0,
      "PTRDiscPercent": 0,
      "SchemeFreeBaseQty": 0,
      "OfferCategoryId": 0,
      "OfferCategory": "",
      "OfferTitle": "",
      "OfferImage": "",
      "ApplyPincodeWiseDiscount": false,
      "IsPurchased": 0,
      "DisplayFactor": 1,
      "SKUOrderCount": 17404,
      "MaxSKUOrderCount": 0,
      "PKLotId": "1003232777",
      "SchemeFreeBaseQtyOfferText": "",
      "CustomScoreManipulator": 3597,
      "RecentOrderCount": 1297,
      "RecentProductCount": 1344,
      "RecentCustCount": 944,
      "RefProductId": null,
      "RouteId": 0,
      "BrandImage": "1499230670_sugar-free.jpg",
      "PrimaryDisease": "diabetes type 2",
      "CustHighDisc": 0,
      "OfferPrice": 168.93,
      "DiscountPercent": 11,
      "MinQty": 1,
      "IsOutOfStock": "N",
      "IsCourierable": 1,
      "MRP": 190,
      "ExpiryDate": "2024-12-31T00:00:00.000Z",
      "LastMRP": 190,
      "score": 0.8
    },
    {
      "ProductName": "Sugar Free Natura Low Calorie Sweetener",
      "Brand": "Zydus Wellness Products Ltd.(g)",
      "DosageForm": "natural sweeteners",
      "PrescriptionOTC": "O",
      "InteractiveModule": null,
      "InteractiveSubModule": "",
      "DeliveryDelayedDay": 0,
      "ProductId": "4379",
      "DisplayName": "Sugar Free Natura Low Calorie Sweetener 500 Pellets",
      "ProductAliasName": "Sugar Free Natura Low Calorie Sweetener 500 Pellets",
      "ProductImage": "Sugar-Free-Natura-1596262331-10004893-1.jpg",
      "IsNew": 1,
      "HasOffer": "N",
      "IsGiftableProduct": 0,
      "IsCustomizable": 0,
      "IsFeatured": 0,
      "DosageRestriction": 3,
      "DosageAlert": 0,
      "Active": 1,
      "ProductStatus": "C",
      "IsRedeemable": 0,
      "DosageFormDisplaySeq": 47,
      "DocumentId": "3956",
      "GroupSize": 9,
      "AvgRating": 4.5,
      "NumRating": 358,
      "OrderCount": 17266,
      "NumCustomer": 6050,
      "DisplayRank": 0,
      "UnitPrice": 53.346000000000004,
      "Keywords": "artificial sweetener sweetening diabetes diabetic sugarfree tablet tab grocery  sugarfreeotc products household supplies",
      "Strength": "500 Pellets",
      "ProductShortDescription": "",
      "Salts": {},
      "MfgGroup": "Zydus Wellness Products Ltd.(G)",
      "EncodeProdId": "t9vb4u",
      "CustDiscPercent": 11,
      "CustOfferPrice": 266.73,
      "PTR": 0,
      "PTRDiscPercent": 0,
      "SchemeFreeBaseQty": 0,
      "OfferCategoryId": 0,
      "OfferCategory": "",
      "OfferTitle": "",
      "OfferImage": "",
      "ApplyPincodeWiseDiscount": false,
      "IsPurchased": 0,
      "DisplayFactor": 1,
      "SKUOrderCount": 17266,
      "MaxSKUOrderCount": 0,
      "PKLotId": "1003079969",
      "SchemeFreeBaseQtyOfferText": "",
      "CustomScoreManipulator": 3821,
      "RecentOrderCount": 1692,
      "RecentProductCount": 1975,
      "RecentCustCount": 979,
      "RefProductId": null,
      "RouteId": 0,
      "BrandImage": "1499230670_sugar-free.jpg",
      "PrimaryDisease": "diabetes type 2",
      "CustHighDisc": 0,
      "OfferPrice": 266.73,
      "DiscountPercent": 11,
      "MinQty": 1,
      "IsOutOfStock": "N",
      "IsCourierable": 1,
      "MRP": 300,
      "ExpiryDate": "2023-10-31T00:00:00.000Z",
      "LastMRP": 300,
      "score": 0.8
    },
    {
      "ProductName": "Volini Spray",
      "Brand": "Sun Pharmaceutical Ind.ltd.(m)",
      "DosageForm": "pain relief",
      "PrescriptionOTC": "M",
      "InteractiveModule": null,
      "InteractiveSubModule": "",
      "DeliveryDelayedDay": 0,
      "ProductId": "17210",
      "DisplayName": "Volini Spray 40 g",
      "ProductAliasName": "Volini Spray 40 g",
      "ProductImage": "Volini-Spray-1634633789-10016574-1.jpg",
      "IsNew": 1,
      "HasOffer": "N",
      "IsGiftableProduct": 0,
      "IsCustomizable": 0,
      "IsFeatured": 0,
      "DosageRestriction": 0,
      "DosageAlert": 0,
      "Active": 1,
      "ProductStatus": "C",
      "IsRedeemable": 0,
      "DosageFormDisplaySeq": null,
      "DocumentId": "9841",
      "GroupSize": 3,
      "AvgRating": 0,
      "NumRating": 189,
      "OrderCount": 69208,
      "NumCustomer": 47703,
      "DisplayRank": 99,
      "UnitPrice": 308.275,
      "Keywords": "volini-pain-relief-spray-price volini-spray-cost volini-spray-composition volini-spray-uses volini-spray-price volini-spray volini-spray-price-in-india volini-pain-relief-spray volini-spray-price-list how-to-use-volini-spray volini-spray-during-pregnancy relispray-vs-volini price-of-volini-spray volini-spray-side-effects how-does-volini-spray-work volini-spray-ingredients volini-spray-online pain-relief-spray-volini volini-spray-review side-effects-of-volini-spray volini-activ-herbal-spray is-volini-spray-safe-during-pregnancy volini-spray-vs-gel volini-spray-in-eyes is-volini-spray-safe-in-pregnancy volini-spray-company volini-spray-alternative artharitis joient artheritis back ache volini spray 35 gmotc products household supplies",
      "Strength": "40 g",
      "ProductShortDescription": "",
      "Salts": {
        "NameSearch": "pain inflammation",
        "SaltStrengthRaw": "Diclofenac Diethylamine + Virgin Linseed Oil + Methyl Salicylate + Menthol",
        "SaltStrength": "DICLOFENACDIETHYLAMINEMENTHOLMETHYLSALICYLATEVIRGINLINSEEDOIL",
        "Id": "2773",
        "Code": "SN02554",
        "Name": "Pain Inflammation"
      },
      "MfgGroup": "Sun Pharmaceutical Ind.Ltd.(M)",
      "EncodeProdId": "nl7sut",
      "CustDiscPercent": 17,
      "CustOfferPrice": 123.31,
      "PTR": 0,
      "PTRDiscPercent": 0,
      "SchemeFreeBaseQty": 0,
      "OfferCategoryId": 0,
      "OfferCategory": "",
      "OfferTitle": "",
      "OfferImage": "",
      "ApplyPincodeWiseDiscount": false,
      "IsPurchased": 0,
      "DisplayFactor": 1,
      "SKUOrderCount": 16406,
      "MaxSKUOrderCount": 0,
      "PKLotId": "1003232396",
      "SchemeFreeBaseQtyOfferText": "",
      "CustomScoreManipulator": 4150,
      "RecentOrderCount": 2040,
      "RecentProductCount": 2187,
      "RecentCustCount": 1847,
      "RefProductId": null,
      "RouteId": 0,
      "BrandImage": "",
      "PrimaryDisease": "headche, pain, inflamation, bone related disease",
      "CustHighDisc": 0,
      "OfferPrice": 123.31,
      "DiscountPercent": 17,
      "MinQty": 1,
      "IsOutOfStock": "N",
      "IsCourierable": 1,
      "MRP": 149,
      "ExpiryDate": "2023-10-31T00:00:00.000Z",
      "LastMRP": 149,
      "score": 0.8
    },
    {
      "ProductName": "Dettol Multi-Purpose Disinfectant Liquid Lime Fresh",
      "Brand": "Reckitt Benckiser (india) Pvt.ltd.(haryana)",
      "DosageForm": "antiseptic & disinfectant",
      "PrescriptionOTC": "O",
      "InteractiveModule": null,
      "InteractiveSubModule": "",
      "DeliveryDelayedDay": 0,
      "ProductId": "10377",
      "DisplayName": "Dettol Multi-Purpose Disinfectant Liquid Lime Fresh 500 ml",
      "ProductAliasName": "Dettol Multi-Purpose Disinfectant Liquid Lime Fresh 500 ml",
      "ProductImage": "Dettol-Multi-Purpose-Disinfectant-Liquid-Lime-Fresh-1632297286-10010451-1.jpg",
      "IsNew": 1,
      "HasOffer": "N",
      "IsGiftableProduct": 0,
      "IsCustomizable": 0,
      "IsFeatured": 0,
      "DosageRestriction": 0,
      "DosageAlert": 0,
      "Active": 1,
      "ProductStatus": "C",
      "IsRedeemable": 0,
      "DosageFormDisplaySeq": null,
      "DocumentId": "10377",
      "GroupSize": 3,
      "AvgRating": 4.52,
      "NumRating": 1245,
      "OrderCount": 26440,
      "NumCustomer": 19581,
      "DisplayRank": 0,
      "UnitPrice": 38.6,
      "Keywords": "bath shave shaving clean antiseptic-&-disinfectant detol detoll-500-mlotc products household supplies",
      "Strength": "500 ml",
      "ProductShortDescription": "",
      "Salts": {},
      "MfgGroup": "Reckitt Benckiser (India) Pvt.Ltd.(Haryana)",
      "EncodeProdId": "ltbmuz",
      "CustDiscPercent": 0,
      "CustOfferPrice": 193,
      "PTR": 0,
      "PTRDiscPercent": 0,
      "SchemeFreeBaseQty": 0,
      "OfferCategoryId": 0,
      "OfferCategory": "",
      "OfferTitle": "",
      "OfferImage": "",
      "ApplyPincodeWiseDiscount": false,
      "IsPurchased": 0,
      "DisplayFactor": 1,
      "SKUOrderCount": 15415,
      "MaxSKUOrderCount": 0,
      "PKLotId": "1003308944",
      "SchemeFreeBaseQtyOfferText": "",
      "CustomScoreManipulator": 4354,
      "RecentOrderCount": 2517,
      "RecentProductCount": 2931,
      "RecentCustCount": 2058,
      "RefProductId": null,
      "RouteId": 0,
      "BrandImage": "1499230939_dettol.jpg",
      "PrimaryDisease": "",
      "CustHighDisc": 0,
      "OfferPrice": 193,
      "DiscountPercent": 0,
      "MinQty": 1,
      "IsOutOfStock": "N",
      "IsCourierable": 1,
      "MRP": 193,
      "ExpiryDate": "2023-12-31T00:00:00.000Z",
      "LastMRP": 193,
      "score": 0.8
    },
    {
      "ProductName": "Boroline Antiseptic Ayurvedic Cream",
      "Brand": "G.d.pharmaceuticals (p) Limited",
      "DosageForm": "antiseptic cream",
      "PrescriptionOTC": "O",
      "InteractiveModule": null,
      "InteractiveSubModule": "",
      "DeliveryDelayedDay": 0,
      "ProductId": "3610",
      "DisplayName": "Boroline Antiseptic Ayurvedic Cream 10 g",
      "ProductAliasName": "Boroline Antiseptic Ayurvedic Cream 10 g",
      "ProductImage": "BOROLINE-1416462191-10004121.jpg",
      "IsNew": 1,
      "HasOffer": "N",
      "IsGiftableProduct": 0,
      "IsCustomizable": 0,
      "IsFeatured": 0,
      "DosageRestriction": 5,
      "DosageAlert": 0,
      "Active": 1,
      "ProductStatus": "C",
      "IsRedeemable": 0,
      "DosageFormDisplaySeq": 30,
      "DocumentId": "3610",
      "GroupSize": 3,
      "AvgRating": 4.7,
      "NumRating": 3333,
      "OrderCount": 100650,
      "NumCustomer": 60547,
      "DisplayRank": 0,
      "UnitPrice": 240.39999999999998,
      "Keywords": "cut wound burn rashes sores  fungal skin infection moisturiser moisturising womendayotc products household supplies",
      "Strength": "10 g",
      "ProductShortDescription": "",
      "Salts": {},
      "MfgGroup": "G.D.Pharmaceuticals (P) Limited",
      "EncodeProdId": "8wauqj",
      "CustDiscPercent": 3,
      "CustOfferPrice": 24.04,
      "PTR": 0,
      "PTRDiscPercent": 0,
      "SchemeFreeBaseQty": 0,
      "OfferCategoryId": 0,
      "OfferCategory": "",
      "OfferTitle": "",
      "OfferImage": "",
      "ApplyPincodeWiseDiscount": false,
      "IsPurchased": 0,
      "DisplayFactor": 1,
      "SKUOrderCount": 15243,
      "MaxSKUOrderCount": 0,
      "PKLotId": "1003146769",
      "SchemeFreeBaseQtyOfferText": "",
      "CustomScoreManipulator": 3817,
      "RecentOrderCount": 1751,
      "RecentProductCount": 2706,
      "RecentCustCount": 1460,
      "RefProductId": null,
      "RouteId": 0,
      "BrandImage": "1499229443_Boroline.jpg",
      "PrimaryDisease": "",
      "CustHighDisc": 0,
      "OfferPrice": 24.04,
      "DiscountPercent": 3,
      "MinQty": 1,
      "IsOutOfStock": "N",
      "IsCourierable": 1,
      "MRP": 25,
      "ExpiryDate": "2024-08-31T00:00:00.000Z",
      "LastMRP": 25,
      "score": 0.8
    },
    {
      "ProductName": "Volini Spray",
      "Brand": "Sun Pharmaceutical Industries Ltd.",
      "DosageForm": "spray",
      "PrescriptionOTC": "M",
      "InteractiveModule": null,
      "InteractiveSubModule": "",
      "DeliveryDelayedDay": 0,
      "ProductId": "17212",
      "DisplayName": "Volini Spray 60 g",
      "ProductAliasName": "Volini Spray 60 g",
      "ProductImage": "Volini-1614052524-10016576-1.jpg",
      "IsNew": 1,
      "HasOffer": "N",
      "IsGiftableProduct": 0,
      "IsCustomizable": 0,
      "IsFeatured": 0,
      "DosageRestriction": 0,
      "DosageAlert": 0,
      "Active": 1,
      "ProductStatus": "C",
      "IsRedeemable": 0,
      "DosageFormDisplaySeq": null,
      "DocumentId": "2526",
      "GroupSize": 2,
      "AvgRating": 0,
      "NumRating": 189,
      "OrderCount": 69208,
      "NumCustomer": 47703,
      "DisplayRank": 99,
      "UnitPrice": 286.9,
      "Keywords": "volini spray 55 gmotc products household supplies",
      "Strength": "60 g",
      "ProductShortDescription": "",
      "Salts": {
        "NameSearch": "pain inflammation",
        "SaltStrengthRaw": "Diclofenac Diethylamine + Virgin Linseed Oil + Methyl Salicylate + Menthol",
        "SaltStrength": "DICLOFENACDIETHYLAMINEMENTHOLMETHYLSALICYLATEVIRGINLINSEEDOIL",
        "Id": "2773",
        "Code": "SN02554",
        "Name": "Pain Inflammation"
      },
      "MfgGroup": "Sun Pharmaceutical Industries Ltd.",
      "EncodeProdId": "wts2nk",
      "CustDiscPercent": 17,
      "CustOfferPrice": 172.14,
      "PTR": 0,
      "PTRDiscPercent": 0,
      "SchemeFreeBaseQty": 0,
      "OfferCategoryId": 0,
      "OfferCategory": "",
      "OfferTitle": "",
      "OfferImage": "",
      "ApplyPincodeWiseDiscount": false,
      "IsPurchased": 0,
      "DisplayFactor": 1,
      "SKUOrderCount": 15204,
      "MaxSKUOrderCount": 0,
      "PKLotId": "1002946317",
      "SchemeFreeBaseQtyOfferText": "",
      "CustomScoreManipulator": 3755,
      "RecentOrderCount": 1795,
      "RecentProductCount": 1946,
      "RecentCustCount": 1582,
      "RefProductId": null,
      "RouteId": 0,
      "BrandImage": "",
      "PrimaryDisease": "headche, pain, inflamation, bone related disease",
      "CustHighDisc": 0,
      "OfferPrice": 172.14,
      "DiscountPercent": 17,
      "MinQty": 1,
      "IsOutOfStock": "N",
      "IsCourierable": 1,
      "MRP": 208,
      "ExpiryDate": "2023-06-30T00:00:00.000Z",
      "LastMRP": 208,
      "score": 0.8
    },
    {
      "ProductName": "Gelusil Mps (Sugar Free) Liquid",
      "Brand": "Pfizer Limited",
      "DosageForm": "suspension",
      "PrescriptionOTC": "M",
      "InteractiveModule": null,
      "InteractiveSubModule": "",
      "DeliveryDelayedDay": 0,
      "ProductId": "1176",
      "DisplayName": "Gelusil Mps (Sugar Free) Liquid 200 ml",
      "ProductAliasName": "Gelusil Mps (Sugar Free) Liquid 200 ml",
      "ProductImage": "Gelusil-Mps-1528369732-10001170.jpg",
      "IsNew": 1,
      "HasOffer": "N",
      "IsGiftableProduct": 0,
      "IsCustomizable": 0,
      "IsFeatured": 0,
      "DosageRestriction": 0,
      "DosageAlert": 0,
      "Active": 1,
      "ProductStatus": "C",
      "IsRedeemable": 0,
      "DosageFormDisplaySeq": null,
      "DocumentId": "1173",
      "GroupSize": 2,
      "AvgRating": 0,
      "NumRating": 61,
      "OrderCount": 53632,
      "NumCustomer": 22609,
      "DisplayRank": 99,
      "UnitPrice": 50.5,
      "Keywords": "gastritis gastric hyperacidity indigestion acidity gas gelucil sugarfree gelusil mps (mint flav) sugar free liquid 200 ml (free tab)otc products household supplies",
      "Strength": "200 ml",
      "ProductShortDescription": "",
      "Salts": {
        "NameSearch": "activated dimethicone + aluminium hydroxide + magnesium hydroxide + sorbitol",
        "SaltStrengthRaw": "Activated Dimethicone 50mg/5ml + Dried Aluminium Hydroxide (as Aluminium Hydroxide Paste) 250mg/5ml + Magnesium Hydroxide 250mg/5ml + Sorbitol Solution (70%) 1.25gm/5ml",
        "SaltStrength": "ACTIVATEDDIMETHICONE50MG5MLDRIEDALUMINIUMHYDROXIDEASALUMINIUMHYDROXIDEPASTE250MG5MLMAGNESIUMHYDROXIDE250MG5MLSORBITOLSOLUTION701.25GM5ML",
        "Id": "6169",
        "Code": "SN05163",
        "Name": "Activated Dimethicone + Aluminium Hydroxide + Magnesium Hydroxide + Sorbitol"
      },
      "MfgGroup": "Pfizer Limited",
      "EncodeProdId": "n9ufxj",
      "CustDiscPercent": 20,
      "CustOfferPrice": 101,
      "PTR": 0,
      "PTRDiscPercent": 0,
      "SchemeFreeBaseQty": 0,
      "OfferCategoryId": 0,
      "OfferCategory": "",
      "OfferTitle": "",
      "OfferImage": "",
      "ApplyPincodeWiseDiscount": false,
      "IsPurchased": 0,
      "DisplayFactor": 1,
      "SKUOrderCount": 14300,
      "MaxSKUOrderCount": 0,
      "PKLotId": "1003102416",
      "SchemeFreeBaseQtyOfferText": "",
      "CustomScoreManipulator": 4829,
      "RecentOrderCount": 3437,
      "RecentProductCount": 3916,
      "RecentCustCount": 2552,
      "RefProductId": null,
      "RouteId": 0,
      "BrandImage": "",
      "PrimaryDisease": "",
      "CustHighDisc": 1,
      "OfferPrice": 101,
      "DiscountPercent": 20,
      "MinQty": 1,
      "IsOutOfStock": "N",
      "IsCourierable": 1,
      "MRP": 126.49,
      "ExpiryDate": "2023-08-31T00:00:00.000Z",
      "LastMRP": 126.49,
      "score": 0.8
    },
    {
      "ProductName": "Softovac Husk",
      "Brand": "Lupin Ltd.(m1)",
      "DosageForm": "powder",
      "PrescriptionOTC": "M",
      "InteractiveModule": null,
      "InteractiveSubModule": "",
      "DeliveryDelayedDay": 0,
      "ProductId": "78154",
      "DisplayName": "Softovac Husk 250 g",
      "ProductAliasName": "Softovac Husk 250 g",
      "ProductImage": "Softovac-1598074963-10053199-1.jpg",
      "IsNew": 1,
      "HasOffer": "Y",
      "IsGiftableProduct": 0,
      "IsCustomizable": 0,
      "IsFeatured": 0,
      "DosageRestriction": 0,
      "DosageAlert": 0,
      "Active": 1,
      "ProductStatus": "C",
      "IsRedeemable": 0,
      "DosageFormDisplaySeq": null,
      "DocumentId": "3944",
      "GroupSize": 2,
      "AvgRating": 0,
      "NumRating": 57,
      "OrderCount": 58991,
      "NumCustomer": 17985,
      "DisplayRank": 99,
      "UnitPrice": 126.388,
      "Keywords": "otc products household supplies",
      "Strength": "250 g",
      "ProductShortDescription": "",
      "Salts": {
        "NameSearch": "ispaghula",
        "SaltStrengthRaw": "Isapgol (plantago Ovata) Husk 2.00gm/5gm + Sonamukhi (cassia Angustifolia) 0.75gm/5gm + Harad (terminalia Chebula) 0.50gm/5gm + Amaltas 0.50gm/5gm + Mulethi(glycyrrhiza Glabra) 0.25gm/5gm + Gulab Dal(rosa Centifolia) 0.25gm/5gm + Saunf (foeniculum Vulgare) 0.25gm/5gm + Saunf Talia (foeniculum Vulgare) 0.05gm/5gm",
        "SaltStrength": "AMALTAS0.50GM5GMGULABDALROSACENTIFOLIA0.25GM5GMHARADTERMINALIACHEBULA0.50GM5GMISAPGOLPLANTAGOOVATAHUSK2.00GM5GMMULETHIGLYCYRRHIZAGLABRA0.25GM5GMSAUNFTALIAFOENICULUMVULGARE0.05GM5GMSAUNFFOENICULUMVULGARE0.25GM5GMSONAMUKHICASSIAANGUSTIFOLIA0.75GM5GM",
        "Id": "723",
        "Code": "SN00784",
        "Name": "Ispaghula"
      },
      "MfgGroup": "Lupin Ltd.(M1)",
      "EncodeProdId": "j6eyb5",
      "CustDiscPercent": 16,
      "CustOfferPrice": 315.97,
      "PTR": 0,
      "PTRDiscPercent": 0,
      "SchemeFreeBaseQty": 0,
      "OfferCategoryId": 8,
      "OfferCategory": "Best Prices On Top Sellers",
      "OfferTitle": "Best Sellers",
      "OfferImage": "",
      "ApplyPincodeWiseDiscount": false,
      "IsPurchased": 0,
      "DisplayFactor": 1,
      "SKUOrderCount": 14175,
      "MaxSKUOrderCount": 0,
      "PKLotId": "1003237932",
      "SchemeFreeBaseQtyOfferText": "",
      "CustomScoreManipulator": 5344,
      "RecentOrderCount": 4543,
      "RecentProductCount": 5719,
      "RecentCustCount": 2198,
      "RefProductId": null,
      "RouteId": 1,
      "BrandImage": "",
      "PrimaryDisease": "",
      "CustHighDisc": 0,
      "OfferPrice": 315.97,
      "DiscountPercent": 16,
      "MinQty": 1,
      "IsOutOfStock": "N",
      "IsCourierable": 1,
      "MRP": 380,
      "ExpiryDate": "2024-11-01T00:00:00.000Z",
      "LastMRP": 380,
      "score": 0.8
    },
    {
      "ProductName": "Eno Orange Powder",
      "Brand": "Glaxo Smithkline Asia Pvt. Ltd.",
      "DosageForm": "acidity & gas",
      "PrescriptionOTC": "O",
      "InteractiveModule": null,
      "InteractiveSubModule": "",
      "DeliveryDelayedDay": 30,
      "ProductId": "10770",
      "DisplayName": "Eno Orange Powder 5 g",
      "ProductAliasName": "Eno Orange Powder 5 g",
      "ProductImage": "Eno-Orange-Powder-1593597136-10010741-1.jpg",
      "IsNew": 1,
      "HasOffer": "N",
      "IsGiftableProduct": 0,
      "IsCustomizable": 0,
      "IsFeatured": 0,
      "DosageRestriction": 0,
      "DosageAlert": 0,
      "Active": 1,
      "ProductStatus": "C",
      "IsRedeemable": 0,
      "DosageFormDisplaySeq": null,
      "DocumentId": "10770",
      "GroupSize": 2,
      "AvgRating": 4.51,
      "NumRating": 335,
      "OrderCount": 14333,
      "NumCustomer": 9017,
      "DisplayRank": 99,
      "UnitPrice": 170.2,
      "Keywords": "indigestion gas  antacid digestion acedity indigetion antacedotc products household supplies",
      "Strength": "5 g",
      "ProductShortDescription": "",
      "Salts": {},
      "MfgGroup": "Glaxo Smithkline Asia Pvt. Ltd.",
      "EncodeProdId": "egxul9",
      "CustDiscPercent": 5,
      "CustOfferPrice": 8.51,
      "PTR": 0,
      "PTRDiscPercent": 0,
      "SchemeFreeBaseQty": 0,
      "OfferCategoryId": 0,
      "OfferCategory": "",
      "OfferTitle": "",
      "OfferImage": "",
      "ApplyPincodeWiseDiscount": false,
      "IsPurchased": 0,
      "DisplayFactor": 1,
      "SKUOrderCount": 14130,
      "MaxSKUOrderCount": 0,
      "PKLotId": "1003208530",
      "SchemeFreeBaseQtyOfferText": "",
      "CustomScoreManipulator": 4754,
      "RecentOrderCount": 2033,
      "RecentProductCount": 9105,
      "RecentCustCount": 1592,
      "RefProductId": null,
      "RouteId": 0,
      "BrandImage": "1499234734_eno.jpg",
      "PrimaryDisease": "liver related",
      "CustHighDisc": 0,
      "OfferPrice": 8.51,
      "DiscountPercent": 5,
      "MinQty": 1,
      "IsOutOfStock": "N",
      "IsCourierable": 1,
      "MRP": 9,
      "ExpiryDate": "2023-09-30T00:00:00.000Z",
      "LastMRP": 9,
      "score": 0.8
    },
    {
      "ProductName": "Horlicks Lite Badam Powder Refill",
      "Brand": "Glaxo Smithkline Consumer Healthcare Ltd.",
      "DosageForm": "health drinks",
      "PrescriptionOTC": "O",
      "InteractiveModule": null,
      "InteractiveSubModule": "",
      "DeliveryDelayedDay": 0,
      "ProductId": "15413",
      "DisplayName": "Horlicks Lite Badam Powder Refill 450 g",
      "ProductAliasName": "Horlicks Lite Badam Powder Refill 450 g",
      "ProductImage": "Horlicks-Lite-Badam-Refill-Powder-1532350175-10014778-1.jpg",
      "IsNew": 1,
      "HasOffer": "N",
      "IsGiftableProduct": 0,
      "IsCustomizable": 0,
      "IsFeatured": 0,
      "DosageRestriction": 3,
      "DosageAlert": 0,
      "Active": 1,
      "ProductStatus": "C",
      "IsRedeemable": 0,
      "DosageFormDisplaySeq": 50,
      "DocumentId": "15413",
      "GroupSize": 1,
      "AvgRating": 4.5,
      "NumRating": 288,
      "OrderCount": 14076,
      "NumCustomer": 6852,
      "DisplayRank": 0,
      "UnitPrice": 65.33333333333333,
      "Keywords": "malt grocery healthdrink horliks horlicsotc products household supplies",
      "Strength": "450 g",
      "ProductShortDescription": "",
      "Salts": {},
      "MfgGroup": "Glaxo SmithKline Consumer Healthcare Ltd.",
      "EncodeProdId": "2raqb2",
      "CustDiscPercent": 0,
      "CustOfferPrice": 294,
      "PTR": 0,
      "PTRDiscPercent": 0,
      "SchemeFreeBaseQty": 0,
      "OfferCategoryId": 0,
      "OfferCategory": "",
      "OfferTitle": "",
      "OfferImage": "",
      "ApplyPincodeWiseDiscount": false,
      "IsPurchased": 0,
      "DisplayFactor": 1,
      "SKUOrderCount": 14023,
      "MaxSKUOrderCount": 0,
      "PKLotId": "1003208797",
      "SchemeFreeBaseQtyOfferText": "",
      "CustomScoreManipulator": 3523,
      "RecentOrderCount": 1919,
      "RecentProductCount": 2222,
      "RecentCustCount": 1183,
      "RefProductId": null,
      "RouteId": 0,
      "BrandImage": "1499241699_Horlicks.jpg",
      "PrimaryDisease": "",
      "CustHighDisc": 0,
      "OfferPrice": 294,
      "DiscountPercent": 0,
      "MinQty": 1,
      "IsOutOfStock": "N",
      "IsCourierable": 1,
      "MRP": 294,
      "ExpiryDate": "2022-09-30T00:00:00.000Z",
      "LastMRP": 294,
      "score": 0.8
    },
    {
      "ProductName": "Ensure Vanilla Powder Jar",
      "Brand": "Abbott Healthcare Pvt. Ltd. (nutrition)",
      "DosageForm": "health drinks",
      "PrescriptionOTC": "O",
      "InteractiveModule": null,
      "InteractiveSubModule": "",
      "DeliveryDelayedDay": 0,
      "ProductId": "3796",
      "DisplayName": "Ensure Vanilla Powder Jar 400 g",
      "ProductAliasName": "Ensure Vanilla Powder Jar 400 g",
      "ProductImage": "Ensure-Vanilla-Jar-Powder-1577861159-10004308-1.jpg",
      "IsNew": 1,
      "HasOffer": "N",
      "IsGiftableProduct": 0,
      "IsCustomizable": 0,
      "IsFeatured": 0,
      "DosageRestriction": 3,
      "DosageAlert": 0,
      "Active": 1,
      "ProductStatus": "C",
      "IsRedeemable": 0,
      "DosageFormDisplaySeq": 19,
      "DocumentId": "3796",
      "GroupSize": 1,
      "AvgRating": 4.63,
      "NumRating": 557,
      "OrderCount": 23023,
      "NumCustomer": 11191,
      "DisplayRank": 0,
      "UnitPrice": 151.7975,
      "Keywords": "vanilla grocery healthdrink ensure powder refill 400 gotc products household supplies",
      "Strength": "400 g",
      "ProductShortDescription": "",
      "Salts": {},
      "MfgGroup": "Abbott Healthcare Pvt. Ltd. (Nutrition)",
      "EncodeProdId": "byfnbe",
      "CustDiscPercent": 2,
      "CustOfferPrice": 607.19,
      "PTR": 0,
      "PTRDiscPercent": 0,
      "SchemeFreeBaseQty": 0,
      "OfferCategoryId": 0,
      "OfferCategory": "",
      "OfferTitle": "",
      "OfferImage": "",
      "ApplyPincodeWiseDiscount": false,
      "IsPurchased": 0,
      "DisplayFactor": 1,
      "SKUOrderCount": 13370,
      "MaxSKUOrderCount": 0,
      "PKLotId": "1003200641",
      "SchemeFreeBaseQtyOfferText": "",
      "CustomScoreManipulator": 3367,
      "RecentOrderCount": 1754,
      "RecentProductCount": 1815,
      "RecentCustCount": 1358,
      "RefProductId": null,
      "RouteId": 0,
      "BrandImage": "1499234710_Ensure.jpg",
      "PrimaryDisease": "",
      "CustHighDisc": 0,
      "OfferPrice": 607.19,
      "DiscountPercent": 2,
      "MinQty": 1,
      "IsOutOfStock": "N",
      "IsCourierable": 1,
      "MRP": 625,
      "ExpiryDate": "2023-05-31T00:00:00.000Z",
      "LastMRP": 625,
      "score": 0.8
    },
    {
      "ProductName": "Jac Olivol Body Oil",
      "Brand": "Hahnemann's Jac Olivol Group Of Products Llp",
      "DosageForm": "body oil",
      "PrescriptionOTC": "O",
      "InteractiveModule": null,
      "InteractiveSubModule": "",
      "DeliveryDelayedDay": 0,
      "ProductId": "3616",
      "DisplayName": "Jac Olivol Body Oil 300 ml",
      "ProductAliasName": "Jac Olivol Body Oil 300 ml",
      "ProductImage": "Jac-Olivol-Body-Oil-1605155634-10004127-1.jpg",
      "IsNew": 1,
      "HasOffer": "N",
      "IsGiftableProduct": 0,
      "IsCustomizable": 0,
      "IsFeatured": 0,
      "DosageRestriction": 5,
      "DosageAlert": 0,
      "Active": 1,
      "ProductStatus": "C",
      "IsRedeemable": 0,
      "DosageFormDisplaySeq": null,
      "DocumentId": "3616",
      "GroupSize": 4,
      "AvgRating": 4.57,
      "NumRating": 1944,
      "OrderCount": 51573,
      "NumCustomer": 35190,
      "DisplayRank": 99,
      "UnitPrice": 46.64666666666666,
      "Keywords": "dry skin rough olive  womenday bodyoilotc products household supplies",
      "Strength": "300 ml",
      "ProductShortDescription": "",
      "Salts": {},
      "MfgGroup": "Hahnemann's Jac Olivol Group of Products LLP",
      "EncodeProdId": "bxespc",
      "CustDiscPercent": 11,
      "CustOfferPrice": 139.94,
      "PTR": 0,
      "PTRDiscPercent": 0,
      "SchemeFreeBaseQty": 0,
      "OfferCategoryId": 0,
      "OfferCategory": "",
      "OfferTitle": "",
      "OfferImage": "",
      "ApplyPincodeWiseDiscount": false,
      "IsPurchased": 0,
      "DisplayFactor": 1,
      "SKUOrderCount": 13025,
      "MaxSKUOrderCount": 0,
      "PKLotId": "1002873770",
      "SchemeFreeBaseQtyOfferText": "",
      "CustomScoreManipulator": 3176,
      "RecentOrderCount": 1502,
      "RecentProductCount": 1615,
      "RecentCustCount": 1297,
      "RefProductId": null,
      "RouteId": 0,
      "BrandImage": "1499246337_jac.jpg",
      "PrimaryDisease": "",
      "CustHighDisc": 0,
      "OfferPrice": 139.94,
      "DiscountPercent": 11,
      "MinQty": 1,
      "IsOutOfStock": "N",
      "IsCourierable": 1,
      "MRP": 158,
      "ExpiryDate": "2024-07-31T00:00:00.000Z",
      "LastMRP": 158,
      "score": 0.8
    },
    {
      "ProductName": "Stayfree Secure Cottony Soft Regular with Wings Sanitary Pads",
      "Brand": "Johnson & Johnson Private Ltd",
      "DosageForm": "sanitary pads",
      "PrescriptionOTC": "O",
      "InteractiveModule": null,
      "InteractiveSubModule": "",
      "DeliveryDelayedDay": 0,
      "ProductId": "22112",
      "DisplayName": "Stayfree Secure Cottony Soft Regular with Wings Sanitary Pads Pack Of 20",
      "ProductAliasName": "Stayfree Secure Cottony Soft Regular with Wings Sanitary Pads Pack Of 20",
      "ProductImage": "Stayfree-Secure-Cottony-Soft-Regular-With-Wings-1591176183-10021162-1.jpg",
      "IsNew": 1,
      "HasOffer": "N",
      "IsGiftableProduct": 0,
      "IsCustomizable": 0,
      "IsFeatured": 0,
      "DosageRestriction": 5,
      "DosageAlert": 0,
      "Active": 1,
      "ProductStatus": "C",
      "IsRedeemable": 0,
      "DosageFormDisplaySeq": 37,
      "DocumentId": "22112",
      "GroupSize": 3,
      "AvgRating": 4.4,
      "NumRating": 553,
      "OrderCount": 17788,
      "NumCustomer": 9303,
      "DisplayRank": 99,
      "UnitPrice": 0,
      "Keywords": "female feminine hygiene leak proof dry quick absorb regular woman women womenday stay freeotc products household supplies",
      "Strength": "Pack Of 20",
      "ProductShortDescription": "",
      "Salts": {},
      "MfgGroup": "Johnson & Johnson Private Ltd",
      "EncodeProdId": "84n5sn",
      "CustDiscPercent": 6,
      "CustOfferPrice": 78.73,
      "PTR": 0,
      "PTRDiscPercent": 0,
      "SchemeFreeBaseQty": 0,
      "OfferCategoryId": 0,
      "OfferCategory": "",
      "OfferTitle": "",
      "OfferImage": "",
      "ApplyPincodeWiseDiscount": false,
      "IsPurchased": 0,
      "DisplayFactor": 1,
      "SKUOrderCount": 12981,
      "MaxSKUOrderCount": 0,
      "PKLotId": "1003054452",
      "SchemeFreeBaseQtyOfferText": "",
      "CustomScoreManipulator": 4004,
      "RecentOrderCount": 2501,
      "RecentProductCount": 3504,
      "RecentCustCount": 1873,
      "RefProductId": null,
      "RouteId": 0,
      "BrandImage": "1499230741_stayfree.jpg",
      "PrimaryDisease": "",
      "CustHighDisc": 0,
      "OfferPrice": 78.73,
      "DiscountPercent": 6,
      "MinQty": 1,
      "IsOutOfStock": "N",
      "IsCourierable": 1,
      "MRP": 84,
      "ExpiryDate": "2024-10-31T00:00:00.000Z",
      "LastMRP": 84,
      "score": 0.8
    },
    {
      "ProductName": "Dabur Hajmola Digestive Regular",
      "Brand": "Dabur India Limited",
      "DosageForm": "digestives & candies",
      "PrescriptionOTC": "O",
      "InteractiveModule": null,
      "InteractiveSubModule": "",
      "DeliveryDelayedDay": 30,
      "ProductId": "3772",
      "DisplayName": "Dabur Hajmola Digestive Regular 120 Tablets",
      "ProductAliasName": "Dabur Hajmola Digestive Regular 120 Tablets",
      "ProductImage": "Dabur-Hajmola-Regular-Tablet-1591867428-10004284-1.jpg",
      "IsNew": 1,
      "HasOffer": "N",
      "IsGiftableProduct": 0,
      "IsCustomizable": 0,
      "IsFeatured": 0,
      "DosageRestriction": 0,
      "DosageAlert": 0,
      "Active": 1,
      "ProductStatus": "C",
      "IsRedeemable": 0,
      "DosageFormDisplaySeq": null,
      "DocumentId": "3772",
      "GroupSize": 3,
      "AvgRating": 4.56,
      "NumRating": 800,
      "OrderCount": 22319,
      "NumCustomer": 13869,
      "DisplayRank": 99,
      "UnitPrice": 0,
      "Keywords": "digestive digetionotc products household supplies",
      "Strength": "120 Tablets",
      "ProductShortDescription": "",
      "Salts": {},
      "MfgGroup": "Dabur India Limited",
      "EncodeProdId": "yxq6kf",
      "CustDiscPercent": 3,
      "CustOfferPrice": 47.47,
      "PTR": 0,
      "PTRDiscPercent": 0,
      "SchemeFreeBaseQty": 0,
      "OfferCategoryId": 0,
      "OfferCategory": "",
      "OfferTitle": "",
      "OfferImage": "",
      "ApplyPincodeWiseDiscount": false,
      "IsPurchased": 0,
      "DisplayFactor": 1,
      "SKUOrderCount": 12871,
      "MaxSKUOrderCount": 0,
      "PKLotId": "1003166083",
      "SchemeFreeBaseQtyOfferText": "",
      "CustomScoreManipulator": 3580,
      "RecentOrderCount": 2077,
      "RecentProductCount": 2509,
      "RecentCustCount": 1559,
      "RefProductId": null,
      "RouteId": 0,
      "BrandImage": "1499241615_Hajmola.jpg",
      "PrimaryDisease": "",
      "CustHighDisc": 0,
      "OfferPrice": 47.47,
      "DiscountPercent": 3,
      "MinQty": 1,
      "IsOutOfStock": "N",
      "IsCourierable": 1,
      "MRP": 49,
      "ExpiryDate": "2023-12-31T00:00:00.000Z",
      "LastMRP": 49,
      "score": 0.8
    },
    {
      "ProductName": "Himalaya Liv 52 Syrup",
      "Brand": "The Himalaya Drug Company",
      "DosageForm": "liver care",
      "PrescriptionOTC": "O",
      "InteractiveModule": null,
      "InteractiveSubModule": "",
      "DeliveryDelayedDay": 30,
      "ProductId": "4804",
      "DisplayName": "Himalaya Liv 52 Syrup 200 ml",
      "ProductAliasName": "Himalaya Liv 52 Syrup 200 ml",
      "ProductImage": "Himalaya-Liv-52-Syrup-1621938118-10003718-1.jpg",
      "IsNew": 1,
      "HasOffer": "N",
      "IsGiftableProduct": 0,
      "IsCustomizable": 0,
      "IsFeatured": 0,
      "DosageRestriction": 0,
      "DosageAlert": 0,
      "Active": 1,
      "ProductStatus": "C",
      "IsRedeemable": 0,
      "DosageFormDisplaySeq": null,
      "DocumentId": "4804",
      "GroupSize": 2,
      "AvgRating": 4.6,
      "NumRating": 388,
      "OrderCount": 13784,
      "NumCustomer": 7673,
      "DisplayRank": 99,
      "UnitPrice": 63.795,
      "Keywords": "jaundice digetion apetite liv52otc products household supplies",
      "Strength": "200 ml",
      "ProductShortDescription": "",
      "Salts": {},
      "MfgGroup": "The Himalaya Drug Company",
      "EncodeProdId": "fejpn6",
      "CustDiscPercent": 14,
      "CustOfferPrice": 127.59,
      "PTR": 0,
      "PTRDiscPercent": 0,
      "SchemeFreeBaseQty": 0,
      "OfferCategoryId": 0,
      "OfferCategory": "",
      "OfferTitle": "",
      "OfferImage": "",
      "ApplyPincodeWiseDiscount": false,
      "IsPurchased": 0,
      "DisplayFactor": 1,
      "SKUOrderCount": 12434,
      "MaxSKUOrderCount": 0,
      "PKLotId": "1003186817",
      "SchemeFreeBaseQtyOfferText": "",
      "CustomScoreManipulator": 3691,
      "RecentOrderCount": 2271,
      "RecentProductCount": 3262,
      "RecentCustCount": 1547,
      "RefProductId": null,
      "RouteId": 0,
      "BrandImage": "1495115832_Himalaya.jpg",
      "PrimaryDisease": "liver related",
      "CustHighDisc": 0,
      "OfferPrice": 127.59,
      "DiscountPercent": 14,
      "MinQty": 1,
      "IsOutOfStock": "N",
      "IsCourierable": 1,
      "MRP": 150,
      "ExpiryDate": "2024-12-31T00:00:00.000Z",
      "LastMRP": 150,
      "score": 0.8
    },
    {
      "ProductName": "A TO Z NS (Strawberry Flav)",
      "Brand": "Alkem Laboratories Ltd.(m)",
      "DosageForm": "drop",
      "PrescriptionOTC": "P",
      "InteractiveModule": "",
      "InteractiveSubModule": "",
      "DeliveryDelayedDay": 0,
      "ProductId": "5451",
      "DisplayName": "A TO Z NS (Strawberry Flav) Drop 15 ml",
      "ProductAliasName": "A TO Z NS (Strawberry Flav) Drop 15 ml",
      "ProductImage": "a-to-z-ns-1406056139-10003875.jpg",
      "IsNew": 1,
      "HasOffer": "N",
      "IsGiftableProduct": 0,
      "IsCustomizable": 0,
      "IsFeatured": 0,
      "DosageRestriction": 0,
      "DosageAlert": 0,
      "Active": 1,
      "ProductStatus": "C",
      "IsRedeemable": 0,
      "DosageFormDisplaySeq": null,
      "DocumentId": "5451",
      "GroupSize": 1,
      "AvgRating": 0,
      "NumRating": 22,
      "OrderCount": 10517,
      "NumCustomer": 4955,
      "DisplayRank": 99,
      "UnitPrice": 295.2,
      "Keywords": "vitamin-&-mineral-deficiency atoz medicine",
      "Strength": "Drop 15 ml",
      "ProductShortDescription": "",
      "Salts": {
        "NameSearch": "antioxidants + multivitamin + multimineral",
        "SaltStrengthRaw": "Iodine (as Potassium Iodiade) 110mcg/ml + Iron (ferrous Gluconate) 1mg/ml + Lactoferrin 1.5mg/ml + L-lysine Hcl 18mg/ml + Molybdenum (as Sodium Molybdate Dihydrate) 2mcg/ml + Vitamin A 345mcg/ml + Vitamin B1 0.3mg/ml + Vitamin B2 0.4mg/ml + Vitamin B3 4mg/ml + Vitamin B5 1.5mg/ml + Vitamin B6 0.2mg/ml + Vitamin C 20mg/ml + Vitamin E 2mg/ml",
        "SaltStrength": "IODINEASPOTASSIUMIODIADE110MCGMLIRONFERROUSGLUCONATE1MGMLLACTOFERRIN1.5MGMLLLYSINEHCL18MGMLMOLYBDENUMASSODIUMMOLYBDATEDIHYDRATE2MCGMLVITAMINA345MCGMLVITAMINB10.3MGMLVITAMINB20.4MGMLVITAMINB34MGMLVITAMINB51.5MGMLVITAMINB60.2MGMLVITAMINC20MGMLVITAMINE2MGML",
        "Id": "3532",
        "Code": "SN02877",
        "Name": "Antioxidants + Multivitamin + Multimineral"
      },
      "MfgGroup": "Alkem Laboratories Ltd.(M)",
      "EncodeProdId": "66du6q",
      "CustDiscPercent": 18,
      "CustOfferPrice": 44.28,
      "PTR": 0,
      "PTRDiscPercent": 0,
      "SchemeFreeBaseQty": 0,
      "OfferCategoryId": 0,
      "OfferCategory": "",
      "OfferTitle": "",
      "OfferImage": "",
      "ApplyPincodeWiseDiscount": false,
      "IsPurchased": 0,
      "DisplayFactor": 1,
      "SKUOrderCount": 12362,
      "MaxSKUOrderCount": 0,
      "PKLotId": "1003201796",
      "SchemeFreeBaseQtyOfferText": "",
      "CustomScoreManipulator": 3779,
      "RecentOrderCount": 2409,
      "RecentProductCount": 3639,
      "RecentCustCount": 1529,
      "RefProductId": null,
      "RouteId": 1,
      "BrandImage": "",
      "PrimaryDisease": "",
      "CustHighDisc": 0,
      "OfferPrice": 44.28,
      "DiscountPercent": 18,
      "MinQty": 1,
      "IsOutOfStock": "N",
      "IsCourierable": 1,
      "MRP": 54,
      "ExpiryDate": "2022-12-31T00:00:00.000Z",
      "LastMRP": 54,
      "score": 0.8
    },
    {
      "ProductName": "Boroline Ultra Smooth Antiseptic Ayurvedic Cream",
      "Brand": "G.d.pharmaceuticals (p) Limited",
      "DosageForm": "antiseptic cream",
      "PrescriptionOTC": "O",
      "InteractiveModule": null,
      "InteractiveSubModule": "",
      "DeliveryDelayedDay": 0,
      "ProductId": "23986",
      "DisplayName": "Boroline Ultra Smooth Antiseptic Ayurvedic Cream 20 g",
      "ProductAliasName": "Boroline Ultra Smooth Antiseptic Ayurvedic Cream 20 g",
      "ProductImage": "Boroline-Ultra-Smooth-Cream-1453899905-10023038.jpg",
      "IsNew": 1,
      "HasOffer": "N",
      "IsGiftableProduct": 0,
      "IsCustomizable": 0,
      "IsFeatured": 0,
      "DosageRestriction": 0,
      "DosageAlert": 0,
      "Active": 1,
      "ProductStatus": "C",
      "IsRedeemable": 0,
      "DosageFormDisplaySeq": null,
      "DocumentId": "23986",
      "GroupSize": 3,
      "AvgRating": 4.65,
      "NumRating": 889,
      "OrderCount": 23100,
      "NumCustomer": 15806,
      "DisplayRank": 0,
      "UnitPrice": 240.39999999999998,
      "Keywords": "cut wound burn rashes sores  fungal skin infection moisturiser moisturising womendayotc products household supplies",
      "Strength": "20 g",
      "ProductShortDescription": "",
      "Salts": {},
      "MfgGroup": "G.D.Pharmaceuticals (P) Limited",
      "EncodeProdId": "p3wq8y",
      "CustDiscPercent": 3,
      "CustOfferPrice": 48.08,
      "PTR": 0,
      "PTRDiscPercent": 0,
      "SchemeFreeBaseQty": 0,
      "OfferCategoryId": 0,
      "OfferCategory": "",
      "OfferTitle": "",
      "OfferImage": "",
      "ApplyPincodeWiseDiscount": false,
      "IsPurchased": 0,
      "DisplayFactor": 1,
      "SKUOrderCount": 12227,
      "MaxSKUOrderCount": 0,
      "PKLotId": "1003070097",
      "SchemeFreeBaseQtyOfferText": "",
      "CustomScoreManipulator": 2894,
      "RecentOrderCount": 1253,
      "RecentProductCount": 1653,
      "RecentCustCount": 1065,
      "RefProductId": null,
      "RouteId": 0,
      "BrandImage": "1499229443_Boroline.jpg",
      "PrimaryDisease": "",
      "CustHighDisc": 0,
      "OfferPrice": 48.08,
      "DiscountPercent": 3,
      "MinQty": 1,
      "IsOutOfStock": "N",
      "IsCourierable": 1,
      "MRP": 50,
      "ExpiryDate": "2024-10-31T00:00:00.000Z",
      "LastMRP": 50,
      "score": 0.8
    },
    {
      "ProductName": "Dabur Hajmola Digestive Imli",
      "Brand": "Dabur India Limited",
      "DosageForm": "digestives & candies",
      "PrescriptionOTC": "O",
      "InteractiveModule": null,
      "InteractiveSubModule": "",
      "DeliveryDelayedDay": 30,
      "ProductId": "3771",
      "DisplayName": "Dabur Hajmola Digestive Imli 120 Tablets",
      "ProductAliasName": "Dabur Hajmola Digestive Imli 120 Tablets",
      "ProductImage": "Dabur-Hajmola-Digestive-Imli-1597838480-10004283-1.jpg",
      "IsNew": 1,
      "HasOffer": "N",
      "IsGiftableProduct": 0,
      "IsCustomizable": 0,
      "IsFeatured": 0,
      "DosageRestriction": 0,
      "DosageAlert": 0,
      "Active": 1,
      "ProductStatus": "C",
      "IsRedeemable": 0,
      "DosageFormDisplaySeq": null,
      "DocumentId": "3771",
      "GroupSize": 3,
      "AvgRating": 4.5,
      "NumRating": 795,
      "OrderCount": 22158,
      "NumCustomer": 13381,
      "DisplayRank": 99,
      "UnitPrice": 0,
      "Keywords": "digestive digetionotc products household supplies",
      "Strength": "120 Tablets",
      "ProductShortDescription": "",
      "Salts": {},
      "MfgGroup": "Dabur India Limited",
      "EncodeProdId": "6fzjqv",
      "CustDiscPercent": 3,
      "CustOfferPrice": 47.47,
      "PTR": 0,
      "PTRDiscPercent": 0,
      "SchemeFreeBaseQty": 0,
      "OfferCategoryId": 0,
      "OfferCategory": "",
      "OfferTitle": "",
      "OfferImage": "",
      "ApplyPincodeWiseDiscount": false,
      "IsPurchased": 0,
      "DisplayFactor": 1,
      "SKUOrderCount": 12216,
      "MaxSKUOrderCount": 0,
      "PKLotId": "1003166081",
      "SchemeFreeBaseQtyOfferText": "",
      "CustomScoreManipulator": 3187,
      "RecentOrderCount": 1689,
      "RecentProductCount": 2053,
      "RecentCustCount": 1301,
      "RefProductId": null,
      "RouteId": 0,
      "BrandImage": "1499241615_Hajmola.jpg",
      "PrimaryDisease": "",
      "CustHighDisc": 0,
      "OfferPrice": 47.47,
      "DiscountPercent": 3,
      "MinQty": 1,
      "IsOutOfStock": "N",
      "IsCourierable": 1,
      "MRP": 49,
      "ExpiryDate": "2023-12-31T00:00:00.000Z",
      "LastMRP": 49,
      "score": 0.8
    },
    {
      "ProductName": "Sat Isabgol Telephone Husk",
      "Brand": "The Sidhpur Sat-isabgol Factory",
      "DosageForm": "constipation & laxatives",
      "PrescriptionOTC": "O",
      "InteractiveModule": null,
      "InteractiveSubModule": "",
      "DeliveryDelayedDay": 30,
      "ProductId": "3591",
      "DisplayName": "Sat Isabgol Telephone Husk 100 g",
      "ProductAliasName": "Sat Isabgol Telephone Husk 100 g",
      "ProductImage": "Sat-Isabgol-Telephone-Husk-1578052145-10004102-1.jpg",
      "IsNew": 1,
      "HasOffer": "N",
      "IsGiftableProduct": 0,
      "IsCustomizable": 0,
      "IsFeatured": 0,
      "DosageRestriction": 0,
      "DosageAlert": 0,
      "Active": 1,
      "ProductStatus": "C",
      "IsRedeemable": 0,
      "DosageFormDisplaySeq": null,
      "DocumentId": "3591",
      "GroupSize": 2,
      "AvgRating": 4.64,
      "NumRating": 770,
      "OrderCount": 33806,
      "NumCustomer": 14108,
      "DisplayRank": 99,
      "UnitPrice": 104.56999999999998,
      "Keywords": "constipation stool softner constepation constipetion  isabgulotc products household supplies",
      "Strength": "100 g",
      "ProductShortDescription": "",
      "Salts": {},
      "MfgGroup": "The Sidhpur Sat-Isabgol Factory",
      "EncodeProdId": "p8v455",
      "CustDiscPercent": 4,
      "CustOfferPrice": 104.57,
      "PTR": 0,
      "PTRDiscPercent": 0,
      "SchemeFreeBaseQty": 0,
      "OfferCategoryId": 0,
      "OfferCategory": "",
      "OfferTitle": "",
      "OfferImage": "",
      "ApplyPincodeWiseDiscount": false,
      "IsPurchased": 0,
      "DisplayFactor": 1,
      "SKUOrderCount": 12056,
      "MaxSKUOrderCount": 0,
      "PKLotId": "1003292970",
      "SchemeFreeBaseQtyOfferText": "",
      "CustomScoreManipulator": 3221,
      "RecentOrderCount": 1759,
      "RecentProductCount": 2512,
      "RecentCustCount": 1198,
      "RefProductId": null,
      "RouteId": 0,
      "BrandImage": "1499230396_telephone.jpg",
      "PrimaryDisease": "constipation",
      "CustHighDisc": 0,
      "OfferPrice": 104.57,
      "DiscountPercent": 4,
      "MinQty": 1,
      "IsOutOfStock": "N",
      "IsCourierable": 1,
      "MRP": 110,
      "ExpiryDate": "2022-12-31T00:00:00.000Z",
      "LastMRP": 110,
      "score": 0.8
    },
    {
      "ProductName": "Dabur Pudin Hara Active Liquid",
      "Brand": "Dabur India Limited",
      "DosageForm": "acidity & gas",
      "PrescriptionOTC": "O",
      "InteractiveModule": null,
      "InteractiveSubModule": "",
      "DeliveryDelayedDay": 30,
      "ProductId": "4047",
      "DisplayName": "Dabur Pudin Hara Active Liquid 30 ml",
      "ProductAliasName": "Dabur Pudin Hara Active Liquid 30 ml",
      "ProductImage": "Dabur-Pudin-Hara-Active-Liquid-1605613041-10004560-1.jpg",
      "IsNew": 1,
      "HasOffer": "N",
      "IsGiftableProduct": 0,
      "IsCustomizable": 0,
      "IsFeatured": 0,
      "DosageRestriction": 0,
      "DosageAlert": 0,
      "Active": 1,
      "ProductStatus": "C",
      "IsRedeemable": 0,
      "DosageFormDisplaySeq": null,
      "DocumentId": "4044",
      "GroupSize": 2,
      "AvgRating": 4.64,
      "NumRating": 312,
      "OrderCount": 13770,
      "NumCustomer": 7043,
      "DisplayRank": 99,
      "UnitPrice": 173.46666666666667,
      "Keywords": "pain gastric indigestion gastritesotc products household supplies",
      "Strength": "30 ml",
      "ProductShortDescription": "",
      "Salts": {},
      "MfgGroup": "Dabur India Limited",
      "EncodeProdId": "48unjx",
      "CustDiscPercent": 5,
      "CustOfferPrice": 52.04,
      "PTR": 0,
      "PTRDiscPercent": 0,
      "SchemeFreeBaseQty": 0,
      "OfferCategoryId": 0,
      "OfferCategory": "",
      "OfferTitle": "",
      "OfferImage": "",
      "ApplyPincodeWiseDiscount": false,
      "IsPurchased": 0,
      "DisplayFactor": 1,
      "SKUOrderCount": 11820,
      "MaxSKUOrderCount": 0,
      "PKLotId": "1003166088",
      "SchemeFreeBaseQtyOfferText": "",
      "CustomScoreManipulator": 3108,
      "RecentOrderCount": 1623,
      "RecentProductCount": 2382,
      "RecentCustCount": 1169,
      "RefProductId": null,
      "RouteId": 0,
      "BrandImage": "1499253093_pudinhara.jpg",
      "PrimaryDisease": "liver related",
      "CustHighDisc": 0,
      "OfferPrice": 52.04,
      "DiscountPercent": 5,
      "MinQty": 1,
      "IsOutOfStock": "N",
      "IsCourierable": 1,
      "MRP": 55,
      "ExpiryDate": "2023-12-31T00:00:00.000Z",
      "LastMRP": 55,
      "score": 0.8
    },
    {
      "ProductName": "Crocin Pain Relief",
      "Brand": "Glaxosmithkline Asia Pvt. Ltd.",
      "DosageForm": "tablet.",
      "PrescriptionOTC": "M",
      "InteractiveModule": null,
      "InteractiveSubModule": "",
      "DeliveryDelayedDay": 0,
      "ProductId": "21805",
      "DisplayName": "Crocin Pain Relief 15 Tablets",
      "ProductAliasName": "Crocin Pain Relief 15 Tablets",
      "ProductImage": "Crocin-Pain-Relief-1636182959-10020854-1.jpg",
      "IsNew": 1,
      "HasOffer": "N",
      "IsGiftableProduct": 0,
      "IsCustomizable": 0,
      "IsFeatured": 0,
      "DosageRestriction": 0,
      "DosageAlert": 0,
      "Active": 1,
      "ProductStatus": "C",
      "IsRedeemable": 0,
      "DosageFormDisplaySeq": null,
      "DocumentId": "3958",
      "GroupSize": 2,
      "AvgRating": 0,
      "NumRating": 16,
      "OrderCount": 12396,
      "NumCustomer": 5939,
      "DisplayRank": 99,
      "UnitPrice": 0,
      "Keywords": "crosin crocen crocin pain relief tablet (10 tab)otc products household supplies",
      "Strength": "15 Tablets",
      "ProductShortDescription": "",
      "Salts": {
        "NameSearch": "paracetamol + caffeine",
        "SaltStrengthRaw": "",
        "SaltStrength": "CAFFEINEPARACETAMOL15TABLETS",
        "Id": "2856",
        "Code": "SN02596",
        "Name": "Paracetamol + Caffeine"
      },
      "MfgGroup": "GlaxoSmithKline Asia Pvt. Ltd.",
      "EncodeProdId": "9szuut",
      "CustDiscPercent": 7,
      "CustOfferPrice": 61.07,
      "PTR": 0,
      "PTRDiscPercent": 0,
      "SchemeFreeBaseQty": 0,
      "OfferCategoryId": 0,
      "OfferCategory": "",
      "OfferTitle": "",
      "OfferImage": "",
      "ApplyPincodeWiseDiscount": false,
      "IsPurchased": 0,
      "DisplayFactor": 1,
      "SKUOrderCount": 11767,
      "MaxSKUOrderCount": 0,
      "PKLotId": "1003077216",
      "SchemeFreeBaseQtyOfferText": "",
      "CustomScoreManipulator": 3326,
      "RecentOrderCount": 1894,
      "RecentProductCount": 2799,
      "RecentCustCount": 1365,
      "RefProductId": null,
      "RouteId": 1,
      "BrandImage": "1499230467_crocin.jpg",
      "PrimaryDisease": "",
      "CustHighDisc": 0,
      "OfferPrice": 61.07,
      "DiscountPercent": 7,
      "MinQty": 1,
      "IsOutOfStock": "N",
      "IsCourierable": 1,
      "MRP": 65.73,
      "ExpiryDate": "2023-09-30T00:00:00.000Z",
      "LastMRP": 65.73,
      "score": 0.8
    },
    {
      "ProductName": "Revital H Woman",
      "Brand": "Sun Pharmaceutical Ind.ltd.(m)",
      "DosageForm": "supplements",
      "PrescriptionOTC": "O",
      "InteractiveModule": null,
      "InteractiveSubModule": "",
      "DeliveryDelayedDay": 30,
      "ProductId": "27885",
      "DisplayName": "Revital H Woman 30 Tablets",
      "ProductAliasName": "Revital H Woman 30 Tablets",
      "ProductImage": "Revital-H-Woman-1610429023-10026943-1.jpg",
      "IsNew": 1,
      "HasOffer": "N",
      "IsGiftableProduct": 0,
      "IsCustomizable": 0,
      "IsFeatured": 0,
      "DosageRestriction": 10,
      "DosageAlert": 0,
      "Active": 1,
      "ProductStatus": "C",
      "IsRedeemable": 0,
      "DosageFormDisplaySeq": null,
      "DocumentId": "27885",
      "GroupSize": 2,
      "AvgRating": 4.58,
      "NumRating": 447,
      "OrderCount": 15837,
      "NumCustomer": 8505,
      "DisplayRank": 0,
      "UnitPrice": 0,
      "Keywords": "fatigue weakness energiser woman womenotc products household supplies",
      "Strength": "30 Tablets",
      "ProductShortDescription": "",
      "Salts": {},
      "MfgGroup": "Sun Pharmaceutical Ind.Ltd.(M)",
      "EncodeProdId": "9kmfez",
      "CustDiscPercent": 14,
      "CustOfferPrice": 295.15,
      "PTR": 0,
      "PTRDiscPercent": 0,
      "SchemeFreeBaseQty": 0,
      "OfferCategoryId": 0,
      "OfferCategory": "",
      "OfferTitle": "",
      "OfferImage": "",
      "ApplyPincodeWiseDiscount": false,
      "IsPurchased": 0,
      "DisplayFactor": 1,
      "SKUOrderCount": 11500,
      "MaxSKUOrderCount": 0,
      "PKLotId": "1003089882",
      "SchemeFreeBaseQtyOfferText": "",
      "CustomScoreManipulator": 3695,
      "RecentOrderCount": 2633,
      "RecentProductCount": 2908,
      "RecentCustCount": 1749,
      "RefProductId": null,
      "RouteId": 0,
      "BrandImage": "1495114611_Revital.jpg",
      "PrimaryDisease": "",
      "CustHighDisc": 0,
      "OfferPrice": 295.15,
      "DiscountPercent": 14,
      "MinQty": 1,
      "IsOutOfStock": "N",
      "IsCourierable": 1,
      "MRP": 345,
      "ExpiryDate": "2023-03-31T00:00:00.000Z",
      "LastMRP": 345,
      "score": 0.8
    },
    {
      "ProductName": "Digene (Mint Flavour) Sugar Free Gel",
      "Brand": "Abbott India Limited",
      "DosageForm": "gel",
      "PrescriptionOTC": "P",
      "InteractiveModule": "",
      "InteractiveSubModule": "",
      "DeliveryDelayedDay": 0,
      "ProductId": "20795",
      "DisplayName": "Digene (Mint Flavour) Sugar Free Gel 450 ml",
      "ProductAliasName": "Digene (Mint Flavour) Sugar Free Gel 450 ml",
      "ProductImage": "Digene-Mint-Sugerfree-1599478494-10019841-1.jpg",
      "IsNew": 1,
      "HasOffer": "N",
      "IsGiftableProduct": 0,
      "IsCustomizable": 0,
      "IsFeatured": 0,
      "DosageRestriction": 0,
      "DosageAlert": 0,
      "Active": 1,
      "ProductStatus": "C",
      "IsRedeemable": 0,
      "DosageFormDisplaySeq": null,
      "DocumentId": "20795",
      "GroupSize": 1,
      "AvgRating": 0,
      "NumRating": 21,
      "OrderCount": 11490,
      "NumCustomer": 5703,
      "DisplayRank": 99,
      "UnitPrice": 36.12222222222222,
      "Keywords": "gastritis gastric hyperacidity indigestion acidity gas digin medicine",
      "Strength": "450 ml",
      "ProductShortDescription": "",
      "Salts": {
        "NameSearch": "aluminium hydroxide + magnesium hydroxide + simethicone + sodium carboxymethylcellulose",
        "SaltStrengthRaw": "Dried Aluminium Hydroxide Gel 830mg/10ml + Magnesium Hydroxide 185mg/10ml + Simethicone 50mg/10ml + Sodium Carboxymethylcellulose 100mg/10ml",
        "SaltStrength": "DRIEDALUMINIUMHYDROXIDEGEL830MG10MLMAGNESIUMHYDROXIDE185MG10MLSIMETHICONE50MG10MLSODIUMCARBOXYMETHYLCELLULOSE100MG10ML",
        "Id": "6193",
        "Code": "SN05187",
        "Name": "Aluminium Hydroxide + Magnesium Hydroxide + Simethicone + Sodium Carboxymethylcellulose"
      },
      "MfgGroup": "Abbott India Limited",
      "EncodeProdId": "dhqbzc",
      "CustDiscPercent": 18,
      "CustOfferPrice": 162.55,
      "PTR": 0,
      "PTRDiscPercent": 0,
      "SchemeFreeBaseQty": 0,
      "OfferCategoryId": 0,
      "OfferCategory": "",
      "OfferTitle": "",
      "OfferImage": "",
      "ApplyPincodeWiseDiscount": false,
      "IsPurchased": 0,
      "DisplayFactor": 1,
      "SKUOrderCount": 11490,
      "MaxSKUOrderCount": 0,
      "PKLotId": "1003195704",
      "SchemeFreeBaseQtyOfferText": "",
      "CustomScoreManipulator": 3530,
      "RecentOrderCount": 2378,
      "RecentProductCount": 2654,
      "RecentCustCount": 1646,
      "RefProductId": null,
      "RouteId": 1,
      "BrandImage": null,
      "PrimaryDisease": "",
      "CustHighDisc": 0,
      "OfferPrice": 162.55,
      "DiscountPercent": 18,
      "MinQty": 1,
      "IsOutOfStock": "N",
      "IsCourierable": 1,
      "MRP": 198.23,
      "ExpiryDate": "2023-10-31T00:00:00.000Z",
      "LastMRP": 198.23,
      "score": 0.8
    },
    {
      "ProductName": "Eno Mausambi Powder",
      "Brand": "Glaxo Smithkline Consumer Healthcare Ltd.",
      "DosageForm": "acidity & gas",
      "PrescriptionOTC": "O",
      "InteractiveModule": null,
      "InteractiveSubModule": "",
      "DeliveryDelayedDay": 30,
      "ProductId": "12473",
      "DisplayName": "Eno Mausambi Powder 5 g",
      "ProductAliasName": "Eno Mausambi Powder 5 g",
      "ProductImage": "Eno-Mausambi-Powder-1612243463-10012433-1.jpg",
      "IsNew": 1,
      "HasOffer": "N",
      "IsGiftableProduct": 0,
      "IsCustomizable": 0,
      "IsFeatured": 0,
      "DosageRestriction": 0,
      "DosageAlert": 0,
      "Active": 1,
      "ProductStatus": "C",
      "IsRedeemable": 0,
      "DosageFormDisplaySeq": null,
      "DocumentId": "12473",
      "GroupSize": 1,
      "AvgRating": 4.6,
      "NumRating": 270,
      "OrderCount": 11290,
      "NumCustomer": 6400,
      "DisplayRank": 99,
      "UnitPrice": 170.2,
      "Keywords": "indigestion gas  antacid digestion acedity indigetion antacedotc products household supplies",
      "Strength": "5 g",
      "ProductShortDescription": "",
      "Salts": {},
      "MfgGroup": "Glaxo SmithKline Consumer Healthcare Ltd.",
      "EncodeProdId": "dup2tw",
      "CustDiscPercent": 5,
      "CustOfferPrice": 8.51,
      "PTR": 0,
      "PTRDiscPercent": 0,
      "SchemeFreeBaseQty": 0,
      "OfferCategoryId": 0,
      "OfferCategory": "",
      "OfferTitle": "",
      "OfferImage": "",
      "ApplyPincodeWiseDiscount": false,
      "IsPurchased": 0,
      "DisplayFactor": 1,
      "SKUOrderCount": 11290,
      "MaxSKUOrderCount": 0,
      "PKLotId": "1003239479",
      "SchemeFreeBaseQtyOfferText": "",
      "CustomScoreManipulator": 3540,
      "RecentOrderCount": 1655,
      "RecentProductCount": 5592,
      "RecentCustCount": 1223,
      "RefProductId": null,
      "RouteId": 0,
      "BrandImage": "1499234734_eno.jpg",
      "PrimaryDisease": "liver related",
      "CustHighDisc": 0,
      "OfferPrice": 8.51,
      "DiscountPercent": 5,
      "MinQty": 1,
      "IsOutOfStock": "N",
      "IsCourierable": 1,
      "MRP": 9,
      "ExpiryDate": "2023-07-31T00:00:00.000Z",
      "LastMRP": 9,
      "score": 0.8
    },
    {
      "ProductName": "Branolia Tonic",
      "Brand": "Branolia Chemical Works",
      "DosageForm": "memory booster",
      "PrescriptionOTC": "O",
      "InteractiveModule": null,
      "InteractiveSubModule": "",
      "DeliveryDelayedDay": 30,
      "ProductId": "3659",
      "DisplayName": "Branolia Tonic 200 ml",
      "ProductAliasName": "Branolia Tonic 200 ml",
      "ProductImage": "Branolia-Tonic-1594277357-10004170-1.jpg",
      "IsNew": 1,
      "HasOffer": "N",
      "IsGiftableProduct": 0,
      "IsCustomizable": 0,
      "IsFeatured": 0,
      "DosageRestriction": 0,
      "DosageAlert": 0,
      "Active": 1,
      "ProductStatus": "C",
      "IsRedeemable": 0,
      "DosageFormDisplaySeq": null,
      "DocumentId": "3659",
      "GroupSize": 2,
      "AvgRating": 4.48,
      "NumRating": 342,
      "OrderCount": 13038,
      "NumCustomer": 7233,
      "DisplayRank": 0,
      "UnitPrice": 118.335,
      "Keywords": "brano lia branoleaotc products household supplies",
      "Strength": "200 ml",
      "ProductShortDescription": "",
      "Salts": {},
      "MfgGroup": "Branolia Chemical Works",
      "EncodeProdId": "8h9w58",
      "CustDiscPercent": 10,
      "CustOfferPrice": 236.67,
      "PTR": 0,
      "PTRDiscPercent": 0,
      "SchemeFreeBaseQty": 0,
      "OfferCategoryId": 0,
      "OfferCategory": "",
      "OfferTitle": "",
      "OfferImage": "",
      "ApplyPincodeWiseDiscount": false,
      "IsPurchased": 0,
      "DisplayFactor": 1,
      "SKUOrderCount": 11275,
      "MaxSKUOrderCount": 0,
      "PKLotId": "1003292971",
      "SchemeFreeBaseQtyOfferText": "",
      "CustomScoreManipulator": 2435,
      "RecentOrderCount": 962,
      "RecentProductCount": 1241,
      "RecentCustCount": 631,
      "RefProductId": null,
      "RouteId": 0,
      "BrandImage": "1499175784_branolia.jpg",
      "PrimaryDisease": "",
      "CustHighDisc": 0,
      "OfferPrice": 236.67,
      "DiscountPercent": 10,
      "MinQty": 1,
      "IsOutOfStock": "N",
      "IsCourierable": 1,
      "MRP": 265,
      "ExpiryDate": "2025-01-31T00:00:00.000Z",
      "LastMRP": 265,
      "score": 0.8
    },
    {
      "ProductName": "A TO Z NS Mango Flavour Syrup",
      "Brand": "Alkem Laboratories Ltd.(m)",
      "DosageForm": "syrup",
      "PrescriptionOTC": "M",
      "InteractiveModule": null,
      "InteractiveSubModule": "",
      "DeliveryDelayedDay": 0,
      "ProductId": "77803",
      "DisplayName": "A TO Z NS Mango Flavour Syrup 200 ml",
      "ProductAliasName": "A TO Z NS Mango Flavour Syrup 200 ml",
      "ProductImage": "A-TO-Z-NS-Mango-Flavour-1599462167-10052849-1.jpg",
      "IsNew": 1,
      "HasOffer": "N",
      "IsGiftableProduct": 0,
      "IsCustomizable": 0,
      "IsFeatured": 0,
      "DosageRestriction": 0,
      "DosageAlert": 0,
      "Active": 1,
      "ProductStatus": "C",
      "IsRedeemable": 0,
      "DosageFormDisplaySeq": null,
      "DocumentId": "77803",
      "GroupSize": 1,
      "AvgRating": 0,
      "NumRating": 37,
      "OrderCount": 19115,
      "NumCustomer": 11631,
      "DisplayRank": 99,
      "UnitPrice": 64.76,
      "Keywords": "vitamin-&-mineral-deficiencyotc products household supplies",
      "Strength": "200 ml",
      "ProductShortDescription": "",
      "Salts": {
        "NameSearch": "antioxidants + multivitamin + multimineral",
        "SaltStrengthRaw": "Astaxanthin 75mcg/5ml + Vitamin C 20mg/5m + Vitamin B3 13mg/5ml + Vitamin E Acetate 5mg/5ml + Vitamin B5 3mg/5m + Vitamin B2 1.2mg/5ml + Vitamin B6 1mg/5ml + Vitamin B1 1mg/5ml + Vitamin A Palmitate 600mcg/5ml + Biotin 12mcg/5ml + Zinc 2mg/5ml + Manganese 1.5mg/5ml + Iodine 90mcg/5ml Selenium 30mcg/5ml + Molybdenum 22mcg/5ml ",
        "SaltStrength": "ASTAXANTHIN75MCG5MLBIOTIN12MCG5MLIODINE90MCG5MLSELENIUM30MCG5MLMANGANESE1.5MG5MLMOLYBDENUM22MCG5MLVITAMINAPALMITATE600MCG5MLVITAMINB11MG5MLVITAMINB21.2MG5MLVITAMINB313MG5MLVITAMINB53MG5MVITAMINB61MG5MLVITAMINC20MG5MVITAMINEACETATE5MG5MLZINC2MG5ML",
        "Id": "4284",
        "Code": "SN03481",
        "Name": "Antioxidants + Multivitamin + Multimineral"
      },
      "MfgGroup": "Alkem Laboratories Ltd.(M)",
      "EncodeProdId": "h7kwjd",
      "CustDiscPercent": 19,
      "CustOfferPrice": 129.52,
      "PTR": 0,
      "PTRDiscPercent": 0,
      "SchemeFreeBaseQty": 0,
      "OfferCategoryId": 0,
      "OfferCategory": "",
      "OfferTitle": "",
      "OfferImage": "",
      "ApplyPincodeWiseDiscount": false,
      "IsPurchased": 0,
      "DisplayFactor": 1,
      "SKUOrderCount": 11249,
      "MaxSKUOrderCount": 0,
      "PKLotId": "1003143127",
      "SchemeFreeBaseQtyOfferText": "",
      "CustomScoreManipulator": 5346,
      "RecentOrderCount": 4631,
      "RecentProductCount": 5780,
      "RecentCustCount": 3343,
      "RefProductId": null,
      "RouteId": 1,
      "BrandImage": "",
      "PrimaryDisease": "",
      "CustHighDisc": 0,
      "OfferPrice": 129.52,
      "DiscountPercent": 19,
      "MinQty": 1,
      "IsOutOfStock": "N",
      "IsCourierable": 1,
      "MRP": 160,
      "ExpiryDate": "2023-04-30T00:00:00.000Z",
      "LastMRP": 160,
      "score": 0.8
    },
    {
      "ProductName": "Boroline Ultra Smooth Antiseptic Ayurvedic Cream",
      "Brand": "G.d.pharmaceuticals (p) Limited",
      "DosageForm": "antiseptic cream",
      "PrescriptionOTC": "O",
      "InteractiveModule": null,
      "InteractiveSubModule": "",
      "DeliveryDelayedDay": 0,
      "ProductId": "23987",
      "DisplayName": "Boroline Ultra Smooth Antiseptic Ayurvedic Cream 40 g",
      "ProductAliasName": "Boroline Ultra Smooth Antiseptic Ayurvedic Cream 40 g",
      "ProductImage": "Boroline-Ultra-Smooth-Cream-1571302597-10023039-1.jpg",
      "IsNew": 1,
      "HasOffer": "N",
      "IsGiftableProduct": 0,
      "IsCustomizable": 0,
      "IsFeatured": 0,
      "DosageRestriction": 5,
      "DosageAlert": 0,
      "Active": 1,
      "ProductStatus": "C",
      "IsRedeemable": 0,
      "DosageFormDisplaySeq": null,
      "DocumentId": "23986",
      "GroupSize": 3,
      "AvgRating": 4.65,
      "NumRating": 889,
      "OrderCount": 23100,
      "NumCustomer": 15806,
      "DisplayRank": 0,
      "UnitPrice": 197.72500000000002,
      "Keywords": "cut wound burn rashes sores  fungal skin infection moisturiser moisturising womenday boroline ultra smooth antiseptic cream (free suthol fresh gel 10 ml) 40 gotc products household supplies",
      "Strength": "40 g",
      "ProductShortDescription": "",
      "Salts": {},
      "MfgGroup": "G.D.Pharmaceuticals (P) Limited",
      "EncodeProdId": "n5kw55",
      "CustDiscPercent": 6,
      "CustOfferPrice": 79.09,
      "PTR": 0,
      "PTRDiscPercent": 0,
      "SchemeFreeBaseQty": 0,
      "OfferCategoryId": 0,
      "OfferCategory": "",
      "OfferTitle": "",
      "OfferImage": "",
      "ApplyPincodeWiseDiscount": false,
      "IsPurchased": 0,
      "DisplayFactor": 1,
      "SKUOrderCount": 10641,
      "MaxSKUOrderCount": 0,
      "PKLotId": "1003270422",
      "SchemeFreeBaseQtyOfferText": "",
      "CustomScoreManipulator": 2984,
      "RecentOrderCount": 1697,
      "RecentProductCount": 1979,
      "RecentCustCount": 1419,
      "RefProductId": "91076",
      "RouteId": 0,
      "BrandImage": "1499229443_Boroline.jpg",
      "PrimaryDisease": "",
      "CustHighDisc": 0,
      "OfferPrice": 79.09,
      "DiscountPercent": 6,
      "MinQty": 1,
      "IsOutOfStock": "N",
      "IsCourierable": 1,
      "MRP": 85,
      "ExpiryDate": "2025-02-28T00:00:00.000Z",
      "LastMRP": 85,
      "score": 0.8
    },
    {
      "ProductName": "Boroline Antiseptic Ayurvedic Cream (Free Boroline Ultra Smooth 5 g)",
      "Brand": "G.d.pharmaceuticals (p) Limited",
      "DosageForm": "antiseptic cream",
      "PrescriptionOTC": "O",
      "InteractiveModule": null,
      "InteractiveSubModule": "",
      "DeliveryDelayedDay": 0,
      "ProductId": "92956",
      "DisplayName": "Boroline Antiseptic Ayurvedic Cream (Free Boroline Ultra Smooth 5 g) 100 g",
      "ProductAliasName": "Boroline Antiseptic Ayurvedic Cream (Free Boroline Ultra Smooth 5 g) 100 g",
      "ProductImage": "Boroline-Cream-Free-Boroline-Ultra-Smooth-5-gm-1574674660-10067990-1.jpg",
      "IsNew": 1,
      "HasOffer": "Y",
      "IsGiftableProduct": 0,
      "IsCustomizable": 0,
      "IsFeatured": 0,
      "DosageRestriction": 0,
      "DosageAlert": 0,
      "Active": 1,
      "ProductStatus": "C",
      "IsRedeemable": 0,
      "DosageFormDisplaySeq": null,
      "DocumentId": "92956",
      "GroupSize": 1,
      "AvgRating": 4.7,
      "NumRating": 306,
      "OrderCount": 10427,
      "NumCustomer": 7107,
      "DisplayRank": 99,
      "UnitPrice": 168.26,
      "Keywords": "otc products household supplies",
      "Strength": "100 g",
      "ProductShortDescription": "",
      "Salts": {},
      "MfgGroup": "G.D.Pharmaceuticals (P) Limited",
      "EncodeProdId": "gx8qpb",
      "CustDiscPercent": 3,
      "CustOfferPrice": 168.26,
      "PTR": 0,
      "PTRDiscPercent": 0,
      "SchemeFreeBaseQty": 0,
      "OfferCategoryId": 1,
      "OfferCategory": "Free Products Offer",
      "OfferTitle": "FREE BOROLINE",
      "OfferImage": "10067990_1.jpg",
      "ApplyPincodeWiseDiscount": false,
      "IsPurchased": 0,
      "DisplayFactor": 1,
      "SKUOrderCount": 10427,
      "MaxSKUOrderCount": 0,
      "PKLotId": "1003276114",
      "SchemeFreeBaseQtyOfferText": "",
      "CustomScoreManipulator": 5098,
      "RecentOrderCount": 4404,
      "RecentProductCount": 5026,
      "RecentCustCount": 3538,
      "RefProductId": null,
      "RouteId": 0,
      "BrandImage": "1499229443_Boroline.jpg",
      "PrimaryDisease": "",
      "CustHighDisc": 0,
      "OfferPrice": 168.26,
      "DiscountPercent": 3,
      "MinQty": 1,
      "IsOutOfStock": "N",
      "IsCourierable": 1,
      "MRP": 175,
      "ExpiryDate": "2024-12-31T00:00:00.000Z",
      "LastMRP": 175,
      "score": 0.8
    },
    {
      "ProductName": "Lubrijoint Plus",
      "Brand": "Wallace Pharmaceutricals Pvt Ltd",
      "DosageForm": "tablet",
      "PrescriptionOTC": "P",
      "InteractiveModule": "",
      "InteractiveSubModule": "",
      "DeliveryDelayedDay": 0,
      "ProductId": "23347",
      "DisplayName": "Lubrijoint Plus Tablet (60 Tab)",
      "ProductAliasName": "Lubrijoint Plus Tablet (60 Tab)",
      "ProductImage": "Lubrijoint-Plus-1594197654-10022397-1.jpg",
      "IsNew": 1,
      "HasOffer": "N",
      "IsGiftableProduct": 0,
      "IsCustomizable": 0,
      "IsFeatured": 0,
      "DosageRestriction": 0,
      "DosageAlert": 0,
      "Active": 1,
      "ProductStatus": "C",
      "IsRedeemable": 0,
      "DosageFormDisplaySeq": null,
      "DocumentId": "23347",
      "GroupSize": 1,
      "AvgRating": 0,
      "NumRating": 12,
      "OrderCount": 10781,
      "NumCustomer": 4310,
      "DisplayRank": 99,
      "UnitPrice": 0,
      "Keywords": "bone-&-joint-disorder lubrijoint plus tablet (30 tab) medicine",
      "Strength": "Tablet",
      "ProductShortDescription": "",
      "Salts": {
        "NameSearch": "glucosamine + combinations",
        "SaltStrengthRaw": "Boron 0.5mg + Copper 0.5mg + Glucosamine Sulphate Potassium Chloride 750mg(eq.to Glucosamine 444mg) + Manganese 2.5mg + Methyl Sulfonyl Methane 200mg + Zinc 3mg",
        "SaltStrength": "BORON0.5MGCOPPER0.5MGGLUCOSAMINESULPHATEPOTASSIUMCHLORIDE750MGEQ.TOGLUCOSAMINE444MGMANGANESE2.5MGMETHYLSULFONYLMETHANE200MGZINC3MG",
        "Id": "1119",
        "Code": "SN01441",
        "Name": "Glucosamine + Combinations"
      },
      "MfgGroup": "WALLACE PHARMACEUTRICALS PVT LTD",
      "EncodeProdId": "j5v7cp",
      "CustDiscPercent": 18,
      "CustOfferPrice": 385.4,
      "PTR": 0,
      "PTRDiscPercent": 0,
      "SchemeFreeBaseQty": 0,
      "OfferCategoryId": 0,
      "OfferCategory": "",
      "OfferTitle": "",
      "OfferImage": "",
      "ApplyPincodeWiseDiscount": false,
      "IsPurchased": 0,
      "DisplayFactor": 1,
      "SKUOrderCount": 9996,
      "MaxSKUOrderCount": 0,
      "PKLotId": "1003198977",
      "SchemeFreeBaseQtyOfferText": "",
      "CustomScoreManipulator": 2608,
      "RecentOrderCount": 1533,
      "RecentProductCount": 1614,
      "RecentCustCount": 942,
      "RefProductId": null,
      "RouteId": 1,
      "BrandImage": "",
      "PrimaryDisease": "",
      "CustHighDisc": 0,
      "OfferPrice": 385.4,
      "DiscountPercent": 18,
      "MinQty": 1,
      "IsOutOfStock": "N",
      "IsCourierable": 1,
      "MRP": 470,
      "ExpiryDate": "2023-10-31T00:00:00.000Z",
      "LastMRP": 470,
      "score": 0.8
    },
    {
      "ProductName": "Himalaya Pilex",
      "Brand": "The Himalaya Drug Company",
      "DosageForm": "piles & fissures",
      "PrescriptionOTC": "O",
      "InteractiveModule": null,
      "InteractiveSubModule": "",
      "DeliveryDelayedDay": 30,
      "ProductId": "4812",
      "DisplayName": "Himalaya Pilex 60 Tablets",
      "ProductAliasName": "Himalaya Pilex 60 Tablets",
      "ProductImage": "Himalaya-Pilex-1605597306-10003751-1.jpg",
      "IsNew": 1,
      "HasOffer": "N",
      "IsGiftableProduct": 0,
      "IsCustomizable": 0,
      "IsFeatured": 0,
      "DosageRestriction": 0,
      "DosageAlert": 0,
      "Active": 1,
      "ProductStatus": "C",
      "IsRedeemable": 0,
      "DosageFormDisplaySeq": null,
      "DocumentId": "4812",
      "GroupSize": 1,
      "AvgRating": 4.5,
      "NumRating": 209,
      "OrderCount": 9957,
      "NumCustomer": 3876,
      "DisplayRank": 99,
      "UnitPrice": 0,
      "Keywords": "anal fissures bleeding pain fisuresotc products household supplies",
      "Strength": "60 Tablets",
      "ProductShortDescription": "",
      "Salts": {},
      "MfgGroup": "The Himalaya Drug Company",
      "EncodeProdId": "z379eh",
      "CustDiscPercent": 14,
      "CustOfferPrice": 127.59,
      "PTR": 0,
      "PTRDiscPercent": 0,
      "SchemeFreeBaseQty": 0,
      "OfferCategoryId": 0,
      "OfferCategory": "",
      "OfferTitle": "",
      "OfferImage": "",
      "ApplyPincodeWiseDiscount": false,
      "IsPurchased": 0,
      "DisplayFactor": 1,
      "SKUOrderCount": 9957,
      "MaxSKUOrderCount": 0,
      "PKLotId": "1003186834",
      "SchemeFreeBaseQtyOfferText": "",
      "CustomScoreManipulator": 2632,
      "RecentOrderCount": 1512,
      "RecentProductCount": 1972,
      "RecentCustCount": 895,
      "RefProductId": null,
      "RouteId": 0,
      "BrandImage": "1495115832_Himalaya.jpg",
      "PrimaryDisease": "",
      "CustHighDisc": 0,
      "OfferPrice": 127.59,
      "DiscountPercent": 14,
      "MinQty": 1,
      "IsOutOfStock": "N",
      "IsCourierable": 1,
      "MRP": 150,
      "ExpiryDate": "2024-12-31T00:00:00.000Z",
      "LastMRP": 150,
      "score": 0.8
    },
    {
      "ProductName": "Horlicks Lite Regular Malt Powder Jar",
      "Brand": "Hindustan Unilever Ltd.",
      "DosageForm": "health drinks",
      "PrescriptionOTC": "O",
      "InteractiveModule": null,
      "InteractiveSubModule": "",
      "DeliveryDelayedDay": 0,
      "ProductId": "16033",
      "DisplayName": "Horlicks Lite Regular Malt Powder Jar 450 g",
      "ProductAliasName": "Horlicks Lite Regular Malt Powder Jar 450 g",
      "ProductImage": "Horlicks-Lite-Regular-Malt-Jar-Powder-1532434513-10015400-1.jpg",
      "IsNew": 1,
      "HasOffer": "N",
      "IsGiftableProduct": 0,
      "IsCustomizable": 0,
      "IsFeatured": 0,
      "DosageRestriction": 3,
      "DosageAlert": 0,
      "Active": 1,
      "ProductStatus": "C",
      "IsRedeemable": 0,
      "DosageFormDisplaySeq": 50,
      "DocumentId": "16033",
      "GroupSize": 1,
      "AvgRating": 4.5,
      "NumRating": 281,
      "OrderCount": 10087,
      "NumCustomer": 5835,
      "DisplayRank": 0,
      "UnitPrice": 66.44444444444444,
      "Keywords": "malt grocery healthdrink horliks horlicsotc products household supplies",
      "Strength": "450 g",
      "ProductShortDescription": "",
      "Salts": {},
      "MfgGroup": "Hindustan Unilever Ltd.",
      "EncodeProdId": "b7g9ur",
      "CustDiscPercent": 0,
      "CustOfferPrice": 299,
      "PTR": 0,
      "PTRDiscPercent": 0,
      "SchemeFreeBaseQty": 0,
      "OfferCategoryId": 0,
      "OfferCategory": "",
      "OfferTitle": "",
      "OfferImage": "",
      "ApplyPincodeWiseDiscount": false,
      "IsPurchased": 0,
      "DisplayFactor": 1,
      "SKUOrderCount": 9936,
      "MaxSKUOrderCount": 0,
      "PKLotId": "1003139221",
      "SchemeFreeBaseQtyOfferText": "",
      "CustomScoreManipulator": 2421,
      "RecentOrderCount": 1220,
      "RecentProductCount": 1407,
      "RecentCustCount": 834,
      "RefProductId": null,
      "RouteId": 0,
      "BrandImage": "1499241699_Horlicks.jpg",
      "PrimaryDisease": "",
      "CustHighDisc": 0,
      "OfferPrice": 299,
      "DiscountPercent": 0,
      "MinQty": 1,
      "IsOutOfStock": "N",
      "IsCourierable": 1,
      "MRP": 299,
      "ExpiryDate": "2022-10-31T00:00:00.000Z",
      "LastMRP": 299,
      "score": 0.8
    },
    {
      "ProductName": "Jac Olivol Body Oil",
      "Brand": "Hahnemann's Jac Olivol Group Of Products Llp",
      "DosageForm": "body oil",
      "PrescriptionOTC": "O",
      "InteractiveModule": null,
      "InteractiveSubModule": "",
      "DeliveryDelayedDay": 0,
      "ProductId": "3617",
      "DisplayName": "Jac Olivol Body Oil 200 ml",
      "ProductAliasName": "Jac Olivol Body Oil 200 ml",
      "ProductImage": "Jac-Olivol-Body-Oil-1605155638-10004128-1.jpg",
      "IsNew": 1,
      "HasOffer": "N",
      "IsGiftableProduct": 0,
      "IsCustomizable": 0,
      "IsFeatured": 0,
      "DosageRestriction": 0,
      "DosageAlert": 0,
      "Active": 1,
      "ProductStatus": "C",
      "IsRedeemable": 0,
      "DosageFormDisplaySeq": null,
      "DocumentId": "3616",
      "GroupSize": 4,
      "AvgRating": 4.57,
      "NumRating": 1944,
      "OrderCount": 51573,
      "NumCustomer": 35190,
      "DisplayRank": 99,
      "UnitPrice": 52.25500000000001,
      "Keywords": "dry skin rough olive  womenday bodyoil jacoliveotc products household supplies",
      "Strength": "200 ml",
      "ProductShortDescription": "",
      "Salts": {},
      "MfgGroup": "Hahnemann's Jac Olivol Group of Products LLP",
      "EncodeProdId": "mze33w",
      "CustDiscPercent": 11,
      "CustOfferPrice": 104.51,
      "PTR": 0,
      "PTRDiscPercent": 0,
      "SchemeFreeBaseQty": 0,
      "OfferCategoryId": 0,
      "OfferCategory": "",
      "OfferTitle": "",
      "OfferImage": "",
      "ApplyPincodeWiseDiscount": false,
      "IsPurchased": 0,
      "DisplayFactor": 1,
      "SKUOrderCount": 9595,
      "MaxSKUOrderCount": 0,
      "PKLotId": "1003058237",
      "SchemeFreeBaseQtyOfferText": "",
      "CustomScoreManipulator": 2298,
      "RecentOrderCount": 1050,
      "RecentProductCount": 1132,
      "RecentCustCount": 917,
      "RefProductId": null,
      "RouteId": 0,
      "BrandImage": "1499246337_jac.jpg",
      "PrimaryDisease": "",
      "CustHighDisc": 0,
      "OfferPrice": 104.51,
      "DiscountPercent": 11,
      "MinQty": 1,
      "IsOutOfStock": "N",
      "IsCourierable": 1,
      "MRP": 118,
      "ExpiryDate": "2024-10-31T00:00:00.000Z",
      "LastMRP": 118,
      "score": 0.8
    },
    {
      "ProductName": "Dabur Naturecare Double Action Powder",
      "Brand": "Dabur India Limited",
      "DosageForm": "constipation & laxatives",
      "PrescriptionOTC": "O",
      "InteractiveModule": null,
      "InteractiveSubModule": "",
      "DeliveryDelayedDay": 30,
      "ProductId": "4060",
      "DisplayName": "Dabur Naturecare Double Action Powder 100 g",
      "ProductAliasName": "Dabur Naturecare Double Action Powder 100 g",
      "ProductImage": "Dabur-Naturecare-Double-Action-Powder-1592305863-10004573-1.jpg",
      "IsNew": 1,
      "HasOffer": "N",
      "IsGiftableProduct": 0,
      "IsCustomizable": 0,
      "IsFeatured": 0,
      "DosageRestriction": 5,
      "DosageAlert": 0,
      "Active": 1,
      "ProductStatus": "C",
      "IsRedeemable": 0,
      "DosageFormDisplaySeq": null,
      "DocumentId": "4060",
      "GroupSize": 1,
      "AvgRating": 4.6,
      "NumRating": 162,
      "OrderCount": 9444,
      "NumCustomer": 2496,
      "DisplayRank": 99,
      "UnitPrice": 141.93,
      "Keywords": "constipation stool softner constepation constipetionotc products household supplies",
      "Strength": "100 g",
      "ProductShortDescription": "",
      "Salts": {},
      "MfgGroup": "Dabur India Limited",
      "EncodeProdId": "g5cw58",
      "CustDiscPercent": 5,
      "CustOfferPrice": 141.93,
      "PTR": 0,
      "PTRDiscPercent": 0,
      "SchemeFreeBaseQty": 0,
      "OfferCategoryId": 0,
      "OfferCategory": "",
      "OfferTitle": "",
      "OfferImage": "",
      "ApplyPincodeWiseDiscount": false,
      "IsPurchased": 0,
      "DisplayFactor": 1,
      "SKUOrderCount": 9444,
      "MaxSKUOrderCount": 0,
      "PKLotId": "1003219598",
      "SchemeFreeBaseQtyOfferText": "",
      "CustomScoreManipulator": 2393,
      "RecentOrderCount": 1209,
      "RecentProductCount": 2286,
      "RecentCustCount": 600,
      "RefProductId": null,
      "RouteId": 0,
      "BrandImage": "1495115423_DABUR.jpg",
      "PrimaryDisease": "constipation",
      "CustHighDisc": 0,
      "OfferPrice": 141.93,
      "DiscountPercent": 5,
      "MinQty": 1,
      "IsOutOfStock": "N",
      "IsCourierable": 1,
      "MRP": 150,
      "ExpiryDate": "2023-11-30T00:00:00.000Z",
      "LastMRP": 150,
      "score": 0.8
    },
    {
      "ProductName": "Revital H",
      "Brand": "Sun Pharmaceutical Ind.ltd.(m)",
      "DosageForm": "supplements",
      "PrescriptionOTC": "O",
      "InteractiveModule": null,
      "InteractiveSubModule": "",
      "DeliveryDelayedDay": 30,
      "ProductId": "20339",
      "DisplayName": "Revital H 10 Capsules",
      "ProductAliasName": "Revital H 10 Capsules",
      "ProductImage": "Revital-H-1610428565-10019387-1.jpg",
      "IsNew": 1,
      "HasOffer": "N",
      "IsGiftableProduct": 0,
      "IsCustomizable": 0,
      "IsFeatured": 0,
      "DosageRestriction": 10,
      "DosageAlert": 0,
      "Active": 1,
      "ProductStatus": "C",
      "IsRedeemable": 0,
      "DosageFormDisplaySeq": null,
      "DocumentId": "2417",
      "GroupSize": 3,
      "AvgRating": 4.52,
      "NumRating": 911,
      "OrderCount": 36221,
      "NumCustomer": 19016,
      "DisplayRank": 99,
      "UnitPrice": 0,
      "Keywords": "fatigue weakness energiser vitamin mineralotc products household supplies",
      "Strength": "10 Capsules",
      "ProductShortDescription": "",
      "Salts": {},
      "MfgGroup": "Sun Pharmaceutical Ind.Ltd.(M)",
      "EncodeProdId": "4eqx89",
      "CustDiscPercent": 16,
      "CustOfferPrice": 92.13,
      "PTR": 0,
      "PTRDiscPercent": 0,
      "SchemeFreeBaseQty": 0,
      "OfferCategoryId": 0,
      "OfferCategory": "",
      "OfferTitle": "",
      "OfferImage": "",
      "ApplyPincodeWiseDiscount": false,
      "IsPurchased": 0,
      "DisplayFactor": 1,
      "SKUOrderCount": 9415,
      "MaxSKUOrderCount": 0,
      "PKLotId": "1003123416",
      "SchemeFreeBaseQtyOfferText": "",
      "CustomScoreManipulator": 2487,
      "RecentOrderCount": 1345,
      "RecentProductCount": 1841,
      "RecentCustCount": 934,
      "RefProductId": null,
      "RouteId": 0,
      "BrandImage": "1495114611_Revital.jpg",
      "PrimaryDisease": "",
      "CustHighDisc": 0,
      "OfferPrice": 92.13,
      "DiscountPercent": 16,
      "MinQty": 1,
      "IsOutOfStock": "N",
      "IsCourierable": 1,
      "MRP": 110,
      "ExpiryDate": "2023-08-31T00:00:00.000Z",
      "LastMRP": 110,
      "score": 0.8
    },
    {
      "ProductName": "Dabur Hajmola Digestive Imli",
      "Brand": "Dabur India Limited",
      "DosageForm": "digestives & candies",
      "PrescriptionOTC": "O",
      "InteractiveModule": null,
      "InteractiveSubModule": "",
      "DeliveryDelayedDay": 30,
      "ProductId": "11620",
      "DisplayName": "Dabur Hajmola Digestive Imli 4 Tablets",
      "ProductAliasName": "Dabur Hajmola Digestive Imli 4 Tablets",
      "ProductImage": "Dabur-Hajmola-Imli-1592828766-10011580-1.jpg",
      "IsNew": 1,
      "HasOffer": "N",
      "IsGiftableProduct": 0,
      "IsCustomizable": 0,
      "IsFeatured": 0,
      "DosageRestriction": 0,
      "DosageAlert": 0,
      "Active": 1,
      "ProductStatus": "C",
      "IsRedeemable": 0,
      "DosageFormDisplaySeq": null,
      "DocumentId": "3771",
      "GroupSize": 3,
      "AvgRating": 4.5,
      "NumRating": 795,
      "OrderCount": 22158,
      "NumCustomer": 13381,
      "DisplayRank": 9999,
      "UnitPrice": 0,
      "Keywords": "digestive digetionotc products household supplies",
      "Strength": "4 Tablets",
      "ProductShortDescription": "",
      "Salts": {},
      "MfgGroup": "Dabur India Limited",
      "EncodeProdId": "n2r4e7",
      "CustDiscPercent": 3,
      "CustOfferPrice": 0.97,
      "PTR": 0,
      "PTRDiscPercent": 0,
      "SchemeFreeBaseQty": 0,
      "OfferCategoryId": 0,
      "OfferCategory": "",
      "OfferTitle": "",
      "OfferImage": "",
      "ApplyPincodeWiseDiscount": false,
      "IsPurchased": 0,
      "DisplayFactor": 1,
      "SKUOrderCount": 9413,
      "MaxSKUOrderCount": 0,
      "PKLotId": "1003219866",
      "SchemeFreeBaseQtyOfferText": "",
      "CustomScoreManipulator": 3684,
      "RecentOrderCount": 1672,
      "RecentProductCount": 8451,
      "RecentCustCount": 1195,
      "RefProductId": null,
      "RouteId": 0,
      "BrandImage": "1499241615_Hajmola.jpg",
      "PrimaryDisease": "",
      "CustHighDisc": 0,
      "OfferPrice": 0.97,
      "DiscountPercent": 3,
      "MinQty": 1,
      "IsOutOfStock": "N",
      "IsCourierable": 1,
      "MRP": 1,
      "ExpiryDate": "2024-01-31T00:00:00.000Z",
      "LastMRP": 1,
      "score": 0.8
    },
    {
      "ProductName": "VWash Plus PH 3.5 Expert Intimate Hygiene Liquid Wash",
      "Brand": "Hindustan Unilever Ltd.",
      "DosageForm": "intimate wash",
      "PrescriptionOTC": "O",
      "InteractiveModule": null,
      "InteractiveSubModule": "",
      "DeliveryDelayedDay": 0,
      "ProductId": "26636",
      "DisplayName": "VWash Plus PH 3.5 Expert Intimate Hygiene Liquid Wash 20 ml",
      "ProductAliasName": "VWash Plus PH 3.5 Expert Intimate Hygiene Liquid Wash 20 ml",
      "ProductImage": "VWash-Plus-PH-35-Lotion-1584518252-10025694-1.jpg",
      "IsNew": 1,
      "HasOffer": "N",
      "IsGiftableProduct": 0,
      "IsCustomizable": 0,
      "IsFeatured": 0,
      "DosageRestriction": 4,
      "DosageAlert": 0,
      "Active": 1,
      "ProductStatus": "C",
      "IsRedeemable": 0,
      "DosageFormDisplaySeq": null,
      "DocumentId": "12845",
      "GroupSize": 3,
      "AvgRating": 4.6,
      "NumRating": 1344,
      "OrderCount": 30262,
      "NumCustomer": 20871,
      "DisplayRank": 99,
      "UnitPrice": 212.2,
      "Keywords": "mild womenday v washotc products household supplies",
      "Strength": "20 ml",
      "ProductShortDescription": "",
      "Salts": {},
      "MfgGroup": "Hindustan Unilever Ltd.",
      "EncodeProdId": "534uq5",
      "CustDiscPercent": 5,
      "CustOfferPrice": 42.44,
      "PTR": 0,
      "PTRDiscPercent": 0,
      "SchemeFreeBaseQty": 0,
      "OfferCategoryId": 0,
      "OfferCategory": "",
      "OfferTitle": "",
      "OfferImage": "",
      "ApplyPincodeWiseDiscount": false,
      "IsPurchased": 0,
      "DisplayFactor": 1,
      "SKUOrderCount": 9328,
      "MaxSKUOrderCount": 0,
      "PKLotId": "1003270573",
      "SchemeFreeBaseQtyOfferText": "",
      "CustomScoreManipulator": 2773,
      "RecentOrderCount": 1690,
      "RecentProductCount": 1866,
      "RecentCustCount": 1435,
      "RefProductId": null,
      "RouteId": 0,
      "BrandImage": "1495114069_V-Wash.jpg",
      "PrimaryDisease": "",
      "CustHighDisc": 0,
      "OfferPrice": 42.44,
      "DiscountPercent": 5,
      "MinQty": 1,
      "IsOutOfStock": "N",
      "IsCourierable": 1,
      "MRP": 45,
      "ExpiryDate": "2023-08-31T00:00:00.000Z",
      "LastMRP": 45,
      "score": 0.8
    },
    {
      "ProductName": "Himalaya Septilin",
      "Brand": "The Himalaya Drug Company",
      "DosageForm": "ayurvedic",
      "PrescriptionOTC": "O",
      "InteractiveModule": null,
      "InteractiveSubModule": "",
      "DeliveryDelayedDay": 30,
      "ProductId": "5522",
      "DisplayName": "Himalaya Septilin 60 Tablets",
      "ProductAliasName": "Himalaya Septilin 60 Tablets",
      "ProductImage": "Himalaya-Septilin-1622717918-10003741-1.jpg",
      "IsNew": 1,
      "HasOffer": "N",
      "IsGiftableProduct": 0,
      "IsCustomizable": 0,
      "IsFeatured": 0,
      "DosageRestriction": 0,
      "DosageAlert": 0,
      "Active": 1,
      "ProductStatus": "C",
      "IsRedeemable": 0,
      "DosageFormDisplaySeq": null,
      "DocumentId": "5522",
      "GroupSize": 1,
      "AvgRating": 4.6,
      "NumRating": 268,
      "OrderCount": 9119,
      "NumCustomer": 3961,
      "DisplayRank": 99,
      "UnitPrice": 0,
      "Keywords": "anti infection infective antioxidant imunityotc products household supplies",
      "Strength": "60 Tablets",
      "ProductShortDescription": "",
      "Salts": {},
      "MfgGroup": "The Himalaya Drug Company",
      "EncodeProdId": "mpasp8",
      "CustDiscPercent": 14,
      "CustOfferPrice": 127.59,
      "PTR": 0,
      "PTRDiscPercent": 0,
      "SchemeFreeBaseQty": 0,
      "OfferCategoryId": 0,
      "OfferCategory": "",
      "OfferTitle": "",
      "OfferImage": "",
      "ApplyPincodeWiseDiscount": false,
      "IsPurchased": 0,
      "DisplayFactor": 1,
      "SKUOrderCount": 9119,
      "MaxSKUOrderCount": 0,
      "PKLotId": "1003122378",
      "SchemeFreeBaseQtyOfferText": "",
      "CustomScoreManipulator": 2572,
      "RecentOrderCount": 1498,
      "RecentProductCount": 2335,
      "RecentCustCount": 941,
      "RefProductId": null,
      "RouteId": 0,
      "BrandImage": "1495115832_Himalaya.jpg",
      "PrimaryDisease": "",
      "CustHighDisc": 0,
      "OfferPrice": 127.59,
      "DiscountPercent": 14,
      "MinQty": 1,
      "IsOutOfStock": "N",
      "IsCourierable": 1,
      "MRP": 150,
      "ExpiryDate": "2024-09-30T00:00:00.000Z",
      "LastMRP": 150,
      "score": 0.8
    },
    {
      "ProductName": "Dabur Sat Isabgol Husk",
      "Brand": "Dabur India Limited",
      "DosageForm": "constipation & laxatives",
      "PrescriptionOTC": "O",
      "InteractiveModule": null,
      "InteractiveSubModule": "",
      "DeliveryDelayedDay": 30,
      "ProductId": "68130",
      "DisplayName": "Dabur Sat Isabgol Husk 200 g",
      "ProductAliasName": "Dabur Sat Isabgol Husk 200 g",
      "ProductImage": "Dabur-Sat-Isabgol-Husk-1572505111-10043159-1.jpg",
      "IsNew": 1,
      "HasOffer": "N",
      "IsGiftableProduct": 0,
      "IsCustomizable": 0,
      "IsFeatured": 0,
      "DosageRestriction": 0,
      "DosageAlert": 0,
      "Active": 1,
      "ProductStatus": "C",
      "IsRedeemable": 0,
      "DosageFormDisplaySeq": null,
      "DocumentId": "4078",
      "GroupSize": 3,
      "AvgRating": 4.5,
      "NumRating": 558,
      "OrderCount": 21011,
      "NumCustomer": 11294,
      "DisplayRank": 99,
      "UnitPrice": 96.985,
      "Keywords": "constipation stool softner constepation constipetion  isabgul daborotc products household supplies",
      "Strength": "200 g",
      "ProductShortDescription": "",
      "Salts": {},
      "MfgGroup": "Dabur India Limited",
      "EncodeProdId": "qd5ga6",
      "CustDiscPercent": 5,
      "CustOfferPrice": 193.97,
      "PTR": 0,
      "PTRDiscPercent": 0,
      "SchemeFreeBaseQty": 0,
      "OfferCategoryId": 0,
      "OfferCategory": "",
      "OfferTitle": "",
      "OfferImage": "",
      "ApplyPincodeWiseDiscount": false,
      "IsPurchased": 0,
      "DisplayFactor": 1,
      "SKUOrderCount": 8998,
      "MaxSKUOrderCount": 0,
      "PKLotId": "1003166445",
      "SchemeFreeBaseQtyOfferText": "",
      "CustomScoreManipulator": 2851,
      "RecentOrderCount": 1969,
      "RecentProductCount": 2574,
      "RecentCustCount": 1217,
      "RefProductId": null,
      "RouteId": 0,
      "BrandImage": "1495115423_DABUR.jpg",
      "PrimaryDisease": "constipation",
      "CustHighDisc": 0,
      "OfferPrice": 193.97,
      "DiscountPercent": 5,
      "MinQty": 1,
      "IsOutOfStock": "N",
      "IsCourierable": 1,
      "MRP": 205,
      "ExpiryDate": "2023-06-30T00:00:00.000Z",
      "LastMRP": 205,
      "score": 0.8
    },
    {
      "ProductName": "Life Vitals N95 Particulate Respirator Face Mask Grey",
      "Brand": "Hariom Polypacks Limited",
      "DosageForm": "face mask",
      "PrescriptionOTC": "M",
      "InteractiveModule": null,
      "InteractiveSubModule": "",
      "DeliveryDelayedDay": 0,
      "ProductId": "100383",
      "DisplayName": "Life Vitals N95 Particulate Respirator Face Mask Grey",
      "ProductAliasName": "Life Vitals N95 Particulate Respirator Face Mask Grey",
      "ProductImage": "Life-Vitals-N95-Particulate-Respirator-Face-Mask-Grey-1596519476-10074622-1.jpg",
      "IsNew": 1,
      "HasOffer": "N",
      "IsGiftableProduct": 0,
      "IsCustomizable": 0,
      "IsFeatured": 0,
      "DosageRestriction": 0,
      "DosageAlert": 0,
      "Active": 1,
      "ProductStatus": "C",
      "IsRedeemable": 0,
      "DosageFormDisplaySeq": null,
      "DocumentId": "100383",
      "GroupSize": 1,
      "AvgRating": 0,
      "NumRating": 79,
      "OrderCount": 8894,
      "NumCustomer": 5686,
      "DisplayRank": 99,
      "UnitPrice": 0,
      "Keywords": "otc products household supplies",
      "Strength": "1 Pack",
      "ProductShortDescription": "",
      "Salts": {
        "NameSearch": "face mask",
        "SaltStrengthRaw": "",
        "SaltStrength": "FACEMASK1PACK",
        "Id": "3780",
        "Code": "SN03111",
        "Name": "Face Mask"
      },
      "MfgGroup": "Hariom Polypacks Limited",
      "EncodeProdId": "2an7zr",
      "CustDiscPercent": 64,
      "CustOfferPrice": 27.75,
      "PTR": 0,
      "PTRDiscPercent": 0,
      "SchemeFreeBaseQty": 0,
      "OfferCategoryId": 0,
      "OfferCategory": "",
      "OfferTitle": "",
      "OfferImage": "",
      "ApplyPincodeWiseDiscount": false,
      "IsPurchased": 0,
      "DisplayFactor": 1,
      "SKUOrderCount": 8894,
      "MaxSKUOrderCount": 0,
      "PKLotId": "1003112745",
      "SchemeFreeBaseQtyOfferText": "",
      "CustomScoreManipulator": 6153,
      "RecentOrderCount": 4931,
      "RecentProductCount": 12201,
      "RecentCustCount": 3606,
      "RefProductId": null,
      "RouteId": 0,
      "BrandImage": "",
      "PrimaryDisease": "",
      "CustHighDisc": 1,
      "OfferPrice": 27.75,
      "DiscountPercent": 64,
      "MinQty": 1,
      "IsOutOfStock": "N",
      "IsCourierable": 1,
      "MRP": 79,
      "ExpiryDate": "2023-12-31T00:00:00.000Z",
      "LastMRP": 79,
      "score": 0.8
    },
    {
      "ProductName": "Himalaya Ashvagandha",
      "Brand": "The Himalaya Drug Company",
      "DosageForm": "stress & anxiety",
      "PrescriptionOTC": "O",
      "InteractiveModule": null,
      "InteractiveSubModule": "",
      "DeliveryDelayedDay": 30,
      "ProductId": "24156",
      "DisplayName": "Himalaya Ashvagandha 60 Tablets",
      "ProductAliasName": "Himalaya Ashvagandha 60 Tablets",
      "ProductImage": "Himalaya-Ashvagandha-1599130452-10023208-1.jpg",
      "IsNew": 1,
      "HasOffer": "N",
      "IsGiftableProduct": 0,
      "IsCustomizable": 0,
      "IsFeatured": 0,
      "DosageRestriction": 0,
      "DosageAlert": 0,
      "Active": 1,
      "ProductStatus": "C",
      "IsRedeemable": 0,
      "DosageFormDisplaySeq": null,
      "DocumentId": "24156",
      "GroupSize": 2,
      "AvgRating": 4.52,
      "NumRating": 293,
      "OrderCount": 9196,
      "NumCustomer": 4990,
      "DisplayRank": 99,
      "UnitPrice": 0,
      "Keywords": "strength stamina ashvaganda asvaganda asvagandha ashvagandaotc products household supplies",
      "Strength": "60 Tablets",
      "ProductShortDescription": "",
      "Salts": {},
      "MfgGroup": "The Himalaya Drug Company",
      "EncodeProdId": "d2aq4b",
      "CustDiscPercent": 9,
      "CustOfferPrice": 162.27,
      "PTR": 0,
      "PTRDiscPercent": 0,
      "SchemeFreeBaseQty": 0,
      "OfferCategoryId": 0,
      "OfferCategory": "",
      "OfferTitle": "",
      "OfferImage": "",
      "ApplyPincodeWiseDiscount": false,
      "IsPurchased": 0,
      "DisplayFactor": 1,
      "SKUOrderCount": 8790,
      "MaxSKUOrderCount": 0,
      "PKLotId": "1003227758",
      "SchemeFreeBaseQtyOfferText": "",
      "CustomScoreManipulator": 2724,
      "RecentOrderCount": 1782,
      "RecentProductCount": 2419,
      "RecentCustCount": 1196,
      "RefProductId": null,
      "RouteId": 0,
      "BrandImage": "1495115832_Himalaya.jpg",
      "PrimaryDisease": "",
      "CustHighDisc": 0,
      "OfferPrice": 162.27,
      "DiscountPercent": 9,
      "MinQty": 1,
      "IsOutOfStock": "N",
      "IsCourierable": 1,
      "MRP": 180,
      "ExpiryDate": "2024-12-31T00:00:00.000Z",
      "LastMRP": 180,
      "score": 0.8
    },
    {
      "ProductName": "Zandu Pancharishta Tonic (Sugar Free)",
      "Brand": "Emami Limited",
      "DosageForm": "acidity & digestion",
      "PrescriptionOTC": "O",
      "InteractiveModule": null,
      "InteractiveSubModule": "",
      "DeliveryDelayedDay": 30,
      "ProductId": "70066",
      "DisplayName": "Zandu Pancharishta Tonic (Sugar Free) 450 ml",
      "ProductAliasName": "Zandu Pancharishta Tonic (Sugar Free) 450 ml",
      "ProductImage": "Zandu-Pancharishta-Tonic-Sugar-Free-1612351500-10045102-1.jpg",
      "IsNew": 1,
      "HasOffer": "N",
      "IsGiftableProduct": 0,
      "IsCustomizable": 0,
      "IsFeatured": 0,
      "DosageRestriction": 0,
      "DosageAlert": 0,
      "Active": 1,
      "ProductStatus": "C",
      "IsRedeemable": 0,
      "DosageFormDisplaySeq": null,
      "DocumentId": "70066",
      "GroupSize": 1,
      "AvgRating": 4.5,
      "NumRating": 220,
      "OrderCount": 8669,
      "NumCustomer": 3687,
      "DisplayRank": 99,
      "UnitPrice": 32.92888888888889,
      "Keywords": "constipation digestion digestive constepation constipetion sugarfree zandu pancharishta tonic sugar free (free nityam ayurvedic vati worth rs 10) 450 mlotc products household supplies",
      "Strength": "450 ml",
      "ProductShortDescription": "",
      "Salts": {},
      "MfgGroup": "Emami Limited",
      "EncodeProdId": "n9aram",
      "CustDiscPercent": 4,
      "CustOfferPrice": 148.18,
      "PTR": 0,
      "PTRDiscPercent": 0,
      "SchemeFreeBaseQty": 0,
      "OfferCategoryId": 0,
      "OfferCategory": "",
      "OfferTitle": "",
      "OfferImage": "",
      "ApplyPincodeWiseDiscount": false,
      "IsPurchased": 0,
      "DisplayFactor": 1,
      "SKUOrderCount": 8669,
      "MaxSKUOrderCount": 0,
      "PKLotId": "1003197985",
      "SchemeFreeBaseQtyOfferText": "",
      "CustomScoreManipulator": 2637,
      "RecentOrderCount": 1786,
      "RecentProductCount": 2370,
      "RecentCustCount": 1015,
      "RefProductId": null,
      "RouteId": 0,
      "BrandImage": "1499229200_zandu.jpg",
      "PrimaryDisease": "constipation",
      "CustHighDisc": 0,
      "OfferPrice": 148.18,
      "DiscountPercent": 4,
      "MinQty": 1,
      "IsOutOfStock": "N",
      "IsCourierable": 1,
      "MRP": 155,
      "ExpiryDate": "2023-09-30T00:00:00.000Z",
      "LastMRP": 155,
      "score": 0.8
    },
    {
      "ProductName": "Sensodyne Sensitive Soft Toothbrush",
      "Brand": "Glaxosmithkline Asia Pvt. Ltd.",
      "DosageForm": "toothbrush",
      "PrescriptionOTC": "O",
      "InteractiveModule": null,
      "InteractiveSubModule": "",
      "DeliveryDelayedDay": 0,
      "ProductId": "12514",
      "DisplayName": "Sensodyne Sensitive Soft Toothbrush",
      "ProductAliasName": "Sensodyne Sensitive Soft Toothbrush",
      "ProductImage": "Sensodyne-Sensitive-Soft-Toothbrush-1603106268-10012474-1.jpg",
      "IsNew": 1,
      "HasOffer": "N",
      "IsGiftableProduct": 0,
      "IsCustomizable": 0,
      "IsFeatured": 0,
      "DosageRestriction": 4,
      "DosageAlert": 0,
      "Active": 1,
      "ProductStatus": "C",
      "IsRedeemable": 0,
      "DosageFormDisplaySeq": 3,
      "DocumentId": "12514",
      "GroupSize": 1,
      "AvgRating": 4.5,
      "NumRating": 351,
      "OrderCount": 8628,
      "NumCustomer": 5833,
      "DisplayRank": 0,
      "UnitPrice": 0,
      "Keywords": "soft bristles teeth dental tooth brush sensodineotc products household supplies",
      "Strength": "1 Pack",
      "ProductShortDescription": "",
      "Salts": {},
      "MfgGroup": "GlaxoSmithKline Asia Pvt. Ltd.",
      "EncodeProdId": "sr233p",
      "CustDiscPercent": 22,
      "CustOfferPrice": 42.83,
      "PTR": 0,
      "PTRDiscPercent": 0,
      "SchemeFreeBaseQty": 0,
      "OfferCategoryId": 0,
      "OfferCategory": "",
      "OfferTitle": "",
      "OfferImage": "",
      "ApplyPincodeWiseDiscount": false,
      "IsPurchased": 0,
      "DisplayFactor": 1,
      "SKUOrderCount": 8628,
      "MaxSKUOrderCount": 0,
      "PKLotId": "1003240666",
      "SchemeFreeBaseQtyOfferText": "",
      "CustomScoreManipulator": 2364,
      "RecentOrderCount": 1245,
      "RecentProductCount": 1719,
      "RecentCustCount": 1074,
      "RefProductId": null,
      "RouteId": 0,
      "BrandImage": "1495115154_sensodyne.jpg",
      "PrimaryDisease": "",
      "CustHighDisc": 1,
      "OfferPrice": 42.83,
      "DiscountPercent": 22,
      "MinQty": 1,
      "IsOutOfStock": "N",
      "IsCourierable": 1,
      "MRP": 55,
      "ExpiryDate": "",
      "LastMRP": 55,
      "score": 0.8
    },
    {
      "ProductName": "Kayam Churna Powder",
      "Brand": "Sheth Bros",
      "DosageForm": "constipation & laxatives",
      "PrescriptionOTC": "O",
      "InteractiveModule": null,
      "InteractiveSubModule": "",
      "DeliveryDelayedDay": 30,
      "ProductId": "4142",
      "DisplayName": "Kayam Churna Powder 100 g",
      "ProductAliasName": "Kayam Churna Powder 100 g",
      "ProductImage": "Kayam-Churna-Powder-1600258009-10004655-1.jpg",
      "IsNew": 1,
      "HasOffer": "N",
      "IsGiftableProduct": 0,
      "IsCustomizable": 0,
      "IsFeatured": 0,
      "DosageRestriction": 0,
      "DosageAlert": 0,
      "Active": 1,
      "ProductStatus": "C",
      "IsRedeemable": 0,
      "DosageFormDisplaySeq": null,
      "DocumentId": "4142",
      "GroupSize": 3,
      "AvgRating": 4.57,
      "NumRating": 244,
      "OrderCount": 14972,
      "NumCustomer": 6101,
      "DisplayRank": 99,
      "UnitPrice": 85.64,
      "Keywords": "constipation stool softner constepation constipetion  kayamchuran kayamchuranaotc products household supplies",
      "Strength": "100 g",
      "ProductShortDescription": "",
      "Salts": {},
      "MfgGroup": "Sheth Bros",
      "EncodeProdId": "zu7emk",
      "CustDiscPercent": 9,
      "CustOfferPrice": 85.64,
      "PTR": 0,
      "PTRDiscPercent": 0,
      "SchemeFreeBaseQty": 0,
      "OfferCategoryId": 0,
      "OfferCategory": "",
      "OfferTitle": "",
      "OfferImage": "",
      "ApplyPincodeWiseDiscount": false,
      "IsPurchased": 0,
      "DisplayFactor": 1,
      "SKUOrderCount": 8562,
      "MaxSKUOrderCount": 0,
      "PKLotId": "1003278507",
      "SchemeFreeBaseQtyOfferText": "",
      "CustomScoreManipulator": 1981,
      "RecentOrderCount": 889,
      "RecentProductCount": 1190,
      "RecentCustCount": 591,
      "RefProductId": null,
      "RouteId": 0,
      "BrandImage": "1499248108_kayam.jpg",
      "PrimaryDisease": "constipation",
      "CustHighDisc": 0,
      "OfferPrice": 85.64,
      "DiscountPercent": 9,
      "MinQty": 1,
      "IsOutOfStock": "N",
      "IsCourierable": 1,
      "MRP": 95,
      "ExpiryDate": "2024-01-31T00:00:00.000Z",
      "LastMRP": 95,
      "score": 0.8
    },
    {
      "ProductName": "Stayfree Secure Cottony Soft XL Wings Sanitary Pads",
      "Brand": "Johnson & Johnson Pvt. Ltd. (m)",
      "DosageForm": "sanitary pads",
      "PrescriptionOTC": "O",
      "InteractiveModule": null,
      "InteractiveSubModule": "",
      "DeliveryDelayedDay": 0,
      "ProductId": "50220",
      "DisplayName": "Stayfree Secure Cottony Soft XL Wings Sanitary Pads Pack Of 6",
      "ProductAliasName": "Stayfree Secure Cottony Soft XL Wings Sanitary Pads Pack Of 6",
      "ProductImage": "Stayfree-Secure-Cottony-Soft-XL-With-Wings-1590480592-10037598-1.jpg",
      "IsNew": 1,
      "HasOffer": "N",
      "IsGiftableProduct": 0,
      "IsCustomizable": 0,
      "IsFeatured": 0,
      "DosageRestriction": 5,
      "DosageAlert": 0,
      "Active": 1,
      "ProductStatus": "C",
      "IsRedeemable": 0,
      "DosageFormDisplaySeq": 37,
      "DocumentId": "22113",
      "GroupSize": 4,
      "AvgRating": 4.51,
      "NumRating": 863,
      "OrderCount": 31068,
      "NumCustomer": 14553,
      "DisplayRank": 99,
      "UnitPrice": 0,
      "Keywords": "woman women female feminine hygiene dry quick absorb regular womenday stayfree-xl-dry-cover-wings stay freeotc products household supplies",
      "Strength": "Pack Of 6",
      "ProductShortDescription": "",
      "Salts": {},
      "MfgGroup": "Johnson & Johnson Pvt. Ltd. (M)",
      "EncodeProdId": "l84fal",
      "CustDiscPercent": 7,
      "CustOfferPrice": 34.37,
      "PTR": 0,
      "PTRDiscPercent": 0,
      "SchemeFreeBaseQty": 0,
      "OfferCategoryId": 0,
      "OfferCategory": "",
      "OfferTitle": "",
      "OfferImage": "",
      "ApplyPincodeWiseDiscount": false,
      "IsPurchased": 0,
      "DisplayFactor": 1,
      "SKUOrderCount": 8470,
      "MaxSKUOrderCount": 0,
      "PKLotId": "1003217011",
      "SchemeFreeBaseQtyOfferText": "",
      "CustomScoreManipulator": 2634,
      "RecentOrderCount": 1489,
      "RecentProductCount": 3078,
      "RecentCustCount": 1086,
      "RefProductId": null,
      "RouteId": 0,
      "BrandImage": "1499230741_stayfree.jpg",
      "PrimaryDisease": "",
      "CustHighDisc": 0,
      "OfferPrice": 34.37,
      "DiscountPercent": 7,
      "MinQty": 1,
      "IsOutOfStock": "N",
      "IsCourierable": 1,
      "MRP": 37,
      "ExpiryDate": "2025-01-31T00:00:00.000Z",
      "LastMRP": 37,
      "score": 0.8
    },
    {
      "ProductName": "Whisper Choice Extra Long XL With Wings Sanitary Pads",
      "Brand": "Procter & Gamble Hygiene And Health Care Limited",
      "DosageForm": "sanitary pads",
      "PrescriptionOTC": "O",
      "InteractiveModule": null,
      "InteractiveSubModule": "",
      "DeliveryDelayedDay": 0,
      "ProductId": "29954",
      "DisplayName": "Whisper Choice Extra Long XL With Wings Sanitary Pads Pack Of 6",
      "ProductAliasName": "Whisper Choice Extra Long XL With Wings Sanitary Pads Pack Of 6",
      "ProductImage": "Whisper-Choice-Extra-Long-XL-With-Wings-Sanitary-Pads-1648890369-10029013-1.jpg",
      "IsNew": 1,
      "HasOffer": "N",
      "IsGiftableProduct": 0,
      "IsCustomizable": 0,
      "IsFeatured": 0,
      "DosageRestriction": 0,
      "DosageAlert": 0,
      "Active": 1,
      "ProductStatus": "C",
      "IsRedeemable": 0,
      "DosageFormDisplaySeq": null,
      "DocumentId": "29954",
      "GroupSize": 1,
      "AvgRating": 4.4,
      "NumRating": 246,
      "OrderCount": 8380,
      "NumCustomer": 4652,
      "DisplayRank": 0,
      "UnitPrice": 0,
      "Keywords": "female feminine hygiene leak proof dry quick absorb woman women womenday wisper wishper whisper choice extra long xl wings sanitary pads pack of 6otc products household supplies",
      "Strength": "Pack Of 6",
      "ProductShortDescription": "",
      "Salts": {},
      "MfgGroup": "Procter & Gamble Hygiene and Health Care Limited",
      "EncodeProdId": "shka7c",
      "CustDiscPercent": 10,
      "CustOfferPrice": 32.27,
      "PTR": 0,
      "PTRDiscPercent": 0,
      "SchemeFreeBaseQty": 0,
      "OfferCategoryId": 0,
      "OfferCategory": "",
      "OfferTitle": "",
      "OfferImage": "",
      "ApplyPincodeWiseDiscount": false,
      "IsPurchased": 0,
      "DisplayFactor": 1,
      "SKUOrderCount": 8380,
      "MaxSKUOrderCount": 0,
      "PKLotId": "1003218803",
      "SchemeFreeBaseQtyOfferText": "",
      "CustomScoreManipulator": 4222,
      "RecentOrderCount": 3019,
      "RecentProductCount": 8204,
      "RecentCustCount": 1934,
      "RefProductId": null,
      "RouteId": 0,
      "BrandImage": "1499229661_whisper.jpg",
      "PrimaryDisease": "",
      "CustHighDisc": 0,
      "OfferPrice": 32.27,
      "DiscountPercent": 10,
      "MinQty": 1,
      "IsOutOfStock": "N",
      "IsCourierable": 1,
      "MRP": 36,
      "ExpiryDate": "2024-01-31T00:00:00.000Z",
      "LastMRP": 36,
      "score": 0.8
    },
    {
      "ProductName": "Patanjali Pachak Anardana Goli",
      "Brand": "Patanjali Ayurved Ltd.",
      "DosageForm": "digestives & candies",
      "PrescriptionOTC": "O",
      "InteractiveModule": null,
      "InteractiveSubModule": "",
      "DeliveryDelayedDay": 30,
      "ProductId": "15389",
      "DisplayName": "Patanjali Pachak Anardana Goli 100 g",
      "ProductAliasName": "Patanjali Pachak Anardana Goli 100 g",
      "ProductImage": "Patanjali-Pachak-Anardana-Goli-1559885214-10014756-1.jpg",
      "IsNew": 1,
      "HasOffer": "N",
      "IsGiftableProduct": 0,
      "IsCustomizable": 0,
      "IsFeatured": 0,
      "DosageRestriction": 0,
      "DosageAlert": 0,
      "Active": 1,
      "ProductStatus": "C",
      "IsRedeemable": 0,
      "DosageFormDisplaySeq": null,
      "DocumentId": "15389",
      "GroupSize": 1,
      "AvgRating": 4.4,
      "NumRating": 365,
      "OrderCount": 8314,
      "NumCustomer": 4982,
      "DisplayRank": 99,
      "UnitPrice": 42.52,
      "Keywords": "indigestion appetizer grocery indigetion apetiser apetizer patanjaliotc products household supplies",
      "Strength": "100 g",
      "ProductShortDescription": "",
      "Salts": {},
      "MfgGroup": "Patanjali Ayurved Ltd.",
      "EncodeProdId": "fcye6l",
      "CustDiscPercent": 5,
      "CustOfferPrice": 42.52,
      "PTR": 0,
      "PTRDiscPercent": 0,
      "SchemeFreeBaseQty": 0,
      "OfferCategoryId": 0,
      "OfferCategory": "",
      "OfferTitle": "",
      "OfferImage": "",
      "ApplyPincodeWiseDiscount": false,
      "IsPurchased": 0,
      "DisplayFactor": 1,
      "SKUOrderCount": 8314,
      "MaxSKUOrderCount": 0,
      "PKLotId": "1003289910",
      "SchemeFreeBaseQtyOfferText": "",
      "CustomScoreManipulator": 2711,
      "RecentOrderCount": 1765,
      "RecentProductCount": 2799,
      "RecentCustCount": 1218,
      "RefProductId": null,
      "RouteId": 0,
      "BrandImage": "1499253411_Patanjali.jpg",
      "PrimaryDisease": "",
      "CustHighDisc": 0,
      "OfferPrice": 42.52,
      "DiscountPercent": 5,
      "MinQty": 1,
      "IsOutOfStock": "N",
      "IsCourierable": 1,
      "MRP": 45,
      "ExpiryDate": "2022-12-31T00:00:00.000Z",
      "LastMRP": 45,
      "score": 0.8
    },
    {
      "ProductName": "Dettol Instant Hand Sanitizer Original",
      "Brand": "Reckitt Benckiser (india) Pvt. Ltd.",
      "DosageForm": "hand sanitizer",
      "PrescriptionOTC": "O",
      "InteractiveModule": null,
      "InteractiveSubModule": "",
      "DeliveryDelayedDay": 0,
      "ProductId": "3906",
      "DisplayName": "Dettol Instant Hand Sanitizer Original 50 ml",
      "ProductAliasName": "Dettol Instant Hand Sanitizer Original 50 ml",
      "ProductImage": "Dettol-Instant-Hand-Sanitizer-Original-1632292560-10004418-1.jpg",
      "IsNew": 1,
      "HasOffer": "N",
      "IsGiftableProduct": 0,
      "IsCustomizable": 0,
      "IsFeatured": 0,
      "DosageRestriction": 0,
      "DosageAlert": 0,
      "Active": 1,
      "ProductStatus": "C",
      "IsRedeemable": 0,
      "DosageFormDisplaySeq": null,
      "DocumentId": "3906",
      "GroupSize": 5,
      "AvgRating": 4.61,
      "NumRating": 1479,
      "OrderCount": 29310,
      "NumCustomer": 21889,
      "DisplayRank": 99,
      "UnitPrice": 48.1,
      "Keywords": "clean instant anti bacterial soap hand liquid germ protection  sanitiser detolotc products household supplies",
      "Strength": "50 ml",
      "ProductShortDescription": "",
      "Salts": {},
      "MfgGroup": "Reckitt Benckiser (India) Pvt. Ltd.",
      "EncodeProdId": "umrk5x",
      "CustDiscPercent": 3,
      "CustOfferPrice": 24.05,
      "PTR": 0,
      "PTRDiscPercent": 0,
      "SchemeFreeBaseQty": 0,
      "OfferCategoryId": 0,
      "OfferCategory": "",
      "OfferTitle": "",
      "OfferImage": "",
      "ApplyPincodeWiseDiscount": false,
      "IsPurchased": 0,
      "DisplayFactor": 1,
      "SKUOrderCount": 8286,
      "MaxSKUOrderCount": 0,
      "PKLotId": "1002569989",
      "SchemeFreeBaseQtyOfferText": "",
      "CustomScoreManipulator": 5962,
      "RecentOrderCount": 3928,
      "RecentProductCount": 14907,
      "RecentCustCount": 3165,
      "RefProductId": null,
      "RouteId": 0,
      "BrandImage": "1499230939_dettol.jpg",
      "PrimaryDisease": "",
      "CustHighDisc": 0,
      "OfferPrice": 24.05,
      "DiscountPercent": 3,
      "MinQty": 1,
      "IsOutOfStock": "N",
      "IsCourierable": 0,
      "MRP": 25,
      "ExpiryDate": "2024-01-31T00:00:00.000Z",
      "LastMRP": 25,
      "score": 0.8
    },
    {
      "ProductName": "Multivite FM Omega (New)",
      "Brand": "Universal Nutriscience Private Limited",
      "DosageForm": "capsule",
      "PrescriptionOTC": "M",
      "InteractiveModule": null,
      "InteractiveSubModule": "",
      "DeliveryDelayedDay": 0,
      "ProductId": "265",
      "DisplayName": "Multivite FM Omega (New) 30 Softgels",
      "ProductAliasName": "Multivite FM Omega (New) 30 Softgels",
      "ProductImage": "Multivite-FM-Omega-New-1634896856-10000527-1.jpg",
      "IsNew": 1,
      "HasOffer": "N",
      "IsGiftableProduct": 0,
      "IsCustomizable": 0,
      "IsFeatured": 0,
      "DosageRestriction": 0,
      "DosageAlert": 0,
      "Active": 1,
      "ProductStatus": "C",
      "IsRedeemable": 0,
      "DosageFormDisplaySeq": null,
      "DocumentId": "265",
      "GroupSize": 1,
      "AvgRating": 0,
      "NumRating": 9,
      "OrderCount": 8270,
      "NumCustomer": 2453,
      "DisplayRank": 99,
      "UnitPrice": 0,
      "Keywords": "nutritional-&-allied-deficiencyotc products household supplies",
      "Strength": "30 Softgels",
      "ProductShortDescription": "",
      "Salts": {
        "NameSearch": "multivitamin + multimineral + omega-3 fatty acids",
        "SaltStrengthRaw": "Health Supplement",
        "SaltStrength": "HEALTHSUPPLEMENT",
        "Id": "4369",
        "Code": "SN03561",
        "Name": "Multivitamin + Multimineral + Omega-3 Fatty Acids"
      },
      "MfgGroup": "Universal Nutriscience Private Limited",
      "EncodeProdId": "gwsnj5",
      "CustDiscPercent": 14,
      "CustOfferPrice": 83.45,
      "PTR": 0,
      "PTRDiscPercent": 0,
      "SchemeFreeBaseQty": 0,
      "OfferCategoryId": 0,
      "OfferCategory": "",
      "OfferTitle": "",
      "OfferImage": "",
      "ApplyPincodeWiseDiscount": false,
      "IsPurchased": 0,
      "DisplayFactor": 1,
      "SKUOrderCount": 8270,
      "MaxSKUOrderCount": 0,
      "PKLotId": "1003224784",
      "SchemeFreeBaseQtyOfferText": "",
      "CustomScoreManipulator": 1985,
      "RecentOrderCount": 1008,
      "RecentProductCount": 1354,
      "RecentCustCount": 537,
      "RefProductId": null,
      "RouteId": 0,
      "BrandImage": "",
      "PrimaryDisease": "",
      "CustHighDisc": 0,
      "OfferPrice": 83.45,
      "DiscountPercent": 14,
      "MinQty": 1,
      "IsOutOfStock": "N",
      "IsCourierable": 1,
      "MRP": 98,
      "ExpiryDate": "2023-03-31T00:00:00.000Z",
      "LastMRP": 98,
      "score": 0.8
    },
    {
      "ProductName": "Amrutanjan Double Power Green Pain Balm",
      "Brand": "Amrutanjan Health Care Ltd.",
      "DosageForm": "pain relief",
      "PrescriptionOTC": "M",
      "InteractiveModule": null,
      "InteractiveSubModule": "",
      "DeliveryDelayedDay": 30,
      "ProductId": "48962",
      "DisplayName": "Amrutanjan Double Power Green Pain Balm 8 ml",
      "ProductAliasName": "Amrutanjan Double Power Green Pain Balm 8 ml",
      "ProductImage": "Amrutanjan-Double-Power-Green-Pain-Balm-1594880313-10036335-1.jpg",
      "IsNew": 1,
      "HasOffer": "N",
      "IsGiftableProduct": 0,
      "IsCustomizable": 0,
      "IsFeatured": 0,
      "DosageRestriction": 0,
      "DosageAlert": 0,
      "Active": 1,
      "ProductStatus": "C",
      "IsRedeemable": 0,
      "DosageFormDisplaySeq": null,
      "DocumentId": "47352",
      "GroupSize": 6,
      "AvgRating": 0,
      "NumRating": 478,
      "OrderCount": 18278,
      "NumCustomer": 12592,
      "DisplayRank": 99,
      "UnitPrice": 475.75,
      "Keywords": "headache relief amritanjan head ache amritanjanotc products household supplies",
      "Strength": "8 ml",
      "ProductShortDescription": "",
      "Salts": {
        "NameSearch": "amrutanjan pain relief",
        "SaltStrengthRaw": "Pain Relief",
        "SaltStrength": "PAINRELIEF",
        "Id": "5036",
        "Code": "SN05000",
        "Name": "Amrutanjan Pain Relief"
      },
      "MfgGroup": "Amrutanjan Health Care Ltd.",
      "EncodeProdId": "ymc68b",
      "CustDiscPercent": 4,
      "CustOfferPrice": 38.06,
      "PTR": 0,
      "PTRDiscPercent": 0,
      "SchemeFreeBaseQty": 0,
      "OfferCategoryId": 0,
      "OfferCategory": "",
      "OfferTitle": "",
      "OfferImage": "",
      "ApplyPincodeWiseDiscount": false,
      "IsPurchased": 0,
      "DisplayFactor": 1,
      "SKUOrderCount": 8216,
      "MaxSKUOrderCount": 0,
      "PKLotId": "1003180612",
      "SchemeFreeBaseQtyOfferText": "",
      "CustomScoreManipulator": 2129,
      "RecentOrderCount": 1051,
      "RecentProductCount": 1337,
      "RecentCustCount": 936,
      "RefProductId": "108881",
      "RouteId": 0,
      "BrandImage": "1499175198_amrutanjan.jpg",
      "PrimaryDisease": "",
      "CustHighDisc": 0,
      "OfferPrice": 38.06,
      "DiscountPercent": 4,
      "MinQty": 1,
      "IsOutOfStock": "N",
      "IsCourierable": 1,
      "MRP": 40,
      "ExpiryDate": "2024-10-31T00:00:00.000Z",
      "LastMRP": 40,
      "score": 0.8
    },
    {
      "ProductName": "Dettol Medicated Plaster Washproof",
      "Brand": "Reckitt Benckiser (india) Pvt. Ltd.",
      "DosageForm": "plaster",
      "PrescriptionOTC": "M",
      "InteractiveModule": null,
      "InteractiveSubModule": "",
      "DeliveryDelayedDay": 0,
      "ProductId": "19359",
      "DisplayName": "Dettol Medicated Plaster Washproof 1 Pc",
      "ProductAliasName": "Dettol Medicated Plaster Washproof 1 Pc",
      "ProductImage": "DETTOL-MEDICATED-PLASTER-1427977610-10018462.jpg",
      "IsNew": 1,
      "HasOffer": "N",
      "IsGiftableProduct": 0,
      "IsCustomizable": 0,
      "IsFeatured": 0,
      "DosageRestriction": 0,
      "DosageAlert": 0,
      "Active": 1,
      "ProductStatus": "C",
      "IsRedeemable": 0,
      "DosageFormDisplaySeq": null,
      "DocumentId": "19359",
      "GroupSize": 1,
      "AvgRating": 0,
      "NumRating": 61,
      "OrderCount": 7982,
      "NumCustomer": 5762,
      "DisplayRank": 99,
      "UnitPrice": 135,
      "Keywords": "bandage water proof bandadeotc products household supplies",
      "Strength": "1 Pc",
      "ProductShortDescription": "",
      "Salts": {
        "NameSearch": "surgical care",
        "SaltStrengthRaw": "",
        "SaltStrength": "SURGICALCARE1PC",
        "Id": "2778",
        "Code": "SN02557",
        "Name": "Surgical Care"
      },
      "MfgGroup": "Reckitt Benckiser (India) Pvt. Ltd.",
      "EncodeProdId": "rcgrva",
      "CustDiscPercent": 45,
      "CustOfferPrice": 1.35,
      "PTR": 0,
      "PTRDiscPercent": 0,
      "SchemeFreeBaseQty": 0,
      "OfferCategoryId": 0,
      "OfferCategory": "",
      "OfferTitle": "",
      "OfferImage": "",
      "ApplyPincodeWiseDiscount": false,
      "IsPurchased": 0,
      "DisplayFactor": 1,
      "SKUOrderCount": 7982,
      "MaxSKUOrderCount": 0,
      "PKLotId": "1003312633",
      "SchemeFreeBaseQtyOfferText": "",
      "CustomScoreManipulator": 3886,
      "RecentOrderCount": 1556,
      "RecentProductCount": 11127,
      "RecentCustCount": 1357,
      "RefProductId": null,
      "RouteId": 0,
      "BrandImage": "1499230939_dettol.jpg",
      "PrimaryDisease": "",
      "CustHighDisc": 1,
      "OfferPrice": 1.35,
      "DiscountPercent": 45,
      "MinQty": 1,
      "IsOutOfStock": "N",
      "IsCourierable": 1,
      "MRP": 2.5,
      "ExpiryDate": "2024-12-31T00:00:00.000Z",
      "LastMRP": 2.5,
      "score": 0.8
    },
    {
      "ProductName": "Betadine Gargle",
      "Brand": "Win-medicare Pvt. Ltd.",
      "DosageForm": "gargle",
      "PrescriptionOTC": "M",
      "InteractiveModule": null,
      "InteractiveSubModule": "",
      "DeliveryDelayedDay": 0,
      "ProductId": "6049",
      "DisplayName": "Betadine Gargle 50 ml",
      "ProductAliasName": "Betadine Gargle 50 ml",
      "ProductImage": "Betadine-Gargle-1635159780-10006058-1.jpg",
      "IsNew": 1,
      "HasOffer": "N",
      "IsGiftableProduct": 0,
      "IsCustomizable": 0,
      "IsFeatured": 0,
      "DosageRestriction": 0,
      "DosageAlert": 0,
      "Active": 1,
      "ProductStatus": "C",
      "IsRedeemable": 0,
      "DosageFormDisplaySeq": null,
      "DocumentId": "6049",
      "GroupSize": 1,
      "AvgRating": 0,
      "NumRating": 74,
      "OrderCount": 34804,
      "NumCustomer": 21844,
      "DisplayRank": 99,
      "UnitPrice": 240.39999999999998,
      "Keywords": "mouth-&-throat-infectionotc products household supplies",
      "Strength": "50 ml",
      "ProductShortDescription": "",
      "Salts": {
        "NameSearch": "povidone iodine",
        "SaltStrengthRaw": "Ethanol 8.38% V/v + Povidone- Lodine 2% W/v (available Iodine 0.2% W/v)",
        "SaltStrength": "ETHANOL8.38VVPOVIDONELODINE2WVAVAILABLEIODINE0.2WV",
        "Id": "2831",
        "Code": "SN2589",
        "Name": "Povidone Iodine"
      },
      "MfgGroup": "Win-Medicare Pvt. Ltd.",
      "EncodeProdId": "edufk2",
      "CustDiscPercent": 14,
      "CustOfferPrice": 120.2,
      "PTR": 0,
      "PTRDiscPercent": 0,
      "SchemeFreeBaseQty": 0,
      "OfferCategoryId": 0,
      "OfferCategory": "",
      "OfferTitle": "",
      "OfferImage": "",
      "ApplyPincodeWiseDiscount": false,
      "IsPurchased": 0,
      "DisplayFactor": 1,
      "SKUOrderCount": 7898,
      "MaxSKUOrderCount": 0,
      "PKLotId": "1003110662",
      "SchemeFreeBaseQtyOfferText": "",
      "CustomScoreManipulator": 3449,
      "RecentOrderCount": 2561,
      "RecentProductCount": 3812,
      "RecentCustCount": 2272,
      "RefProductId": null,
      "RouteId": 1,
      "BrandImage": "",
      "PrimaryDisease": "",
      "CustHighDisc": 0,
      "OfferPrice": 120.2,
      "DiscountPercent": 14,
      "MinQty": 1,
      "IsOutOfStock": "N",
      "IsCourierable": 1,
      "MRP": 140,
      "ExpiryDate": "2023-05-31T00:00:00.000Z",
      "LastMRP": 140,
      "score": 0.8
    },
    {
      "ProductName": "A TO Z NS (Mango Flavour)",
      "Brand": "Alkem Laboratories Ltd.",
      "DosageForm": "syrup",
      "PrescriptionOTC": "M",
      "InteractiveModule": null,
      "InteractiveSubModule": "",
      "DeliveryDelayedDay": 0,
      "ProductId": "4834",
      "DisplayName": "A TO Z NS (Mango Flavour) Syrup 100 ml",
      "ProductAliasName": "A TO Z NS (Mango Flavour) Syrup 100 ml",
      "ProductImage": "A-TO-Z-NS-Mango-Flavour-1597052040-10003869-1.jpg",
      "IsNew": 1,
      "HasOffer": "N",
      "IsGiftableProduct": 0,
      "IsCustomizable": 0,
      "IsFeatured": 0,
      "DosageRestriction": 0,
      "DosageAlert": 0,
      "Active": 1,
      "ProductStatus": "C",
      "IsRedeemable": 0,
      "DosageFormDisplaySeq": null,
      "DocumentId": "4834",
      "GroupSize": 1,
      "AvgRating": 0,
      "NumRating": 37,
      "OrderCount": 19115,
      "NumCustomer": 11631,
      "DisplayRank": 99,
      "UnitPrice": 58.56,
      "Keywords": "vitamin-&-mineral-deficiency atozotc products household supplies",
      "Strength": "Syrup 100 ml",
      "ProductShortDescription": "",
      "Salts": {
        "NameSearch": "antioxidants + multivitamin + multimineral",
        "SaltStrengthRaw": "Astaxanthin (from Haematococcus Pluvialis) 75mcg/5ml + Biotin 12mcg/5ml + Iodine (as Potassium Iodide) 90mcg/5ml + Manganese (as Manganese Chloride Tetrahydrate) 1.5mg/5ml + Molybdenum (as Sodium Molybdate Dihydrate) 22mcg/5ml + Selenium (as Sodium Selenite) 30mcg/5ml + Vitamin A Palmitate 600mcg/5ml + Vitamin B1 1mg/5ml + Vitamin B2 1.2mg/5ml + Vitamin B3 13mg/5ml + Vitamin B5 13mg/5ml + Vitamin B6 1mg/5ml + Vitamin C 20mg/5ml + Vitamin E Acetate 5mg/5ml + Zinc (zinc Gluconate) 200mcg/5ml",
        "SaltStrength": "ASTAXANTHINFROMHAEMATOCOCCUSPLUVIALIS75MCG5MLBIOTIN12MCG5MLIODINEASPOTASSIUMIODIDE90MCG5MLMANGANESEASMANGANESECHLORIDETETRAHYDRATE1.5MG5MLMOLYBDENUMASSODIUMMOLYBDATEDIHYDRATE22MCG5MLSELENIUMASSODIUMSELENITE30MCG5MLVITAMINAPALMITATE600MCG5MLVITAMINB11MG5MLVITAMINB21.2MG5MLVITAMINB313MG5MLVITAMINB513MG5MLVITAMINB61MG5MLVITAMINC20MG5MLVITAMINEACETATE5MG5MLZINCZINCGLUCONATE200MCG5ML",
        "Id": "4284",
        "Code": "SN03481",
        "Name": "Antioxidants + Multivitamin + Multimineral"
      },
      "MfgGroup": "Alkem Laboratories Ltd.",
      "EncodeProdId": "wtxxg4",
      "CustDiscPercent": 21,
      "CustOfferPrice": 58.56,
      "PTR": 0,
      "PTRDiscPercent": 0,
      "SchemeFreeBaseQty": 0,
      "OfferCategoryId": 0,
      "OfferCategory": "",
      "OfferTitle": "",
      "OfferImage": "",
      "ApplyPincodeWiseDiscount": false,
      "IsPurchased": 0,
      "DisplayFactor": 1,
      "SKUOrderCount": 7866,
      "MaxSKUOrderCount": 0,
      "PKLotId": "1003268370",
      "SchemeFreeBaseQtyOfferText": "",
      "CustomScoreManipulator": 2331,
      "RecentOrderCount": 1387,
      "RecentProductCount": 1843,
      "RecentCustCount": 1112,
      "RefProductId": null,
      "RouteId": 1,
      "BrandImage": "",
      "PrimaryDisease": "",
      "CustHighDisc": 1,
      "OfferPrice": 58.56,
      "DiscountPercent": 21,
      "MinQty": 1,
      "IsOutOfStock": "N",
      "IsCourierable": 1,
      "MRP": 75,
      "ExpiryDate": "2023-04-30T00:00:00.000Z",
      "LastMRP": 75,
      "score": 0.8
    },
    {
      "ProductName": "Sugar Free Natura Low Calorie Sweetener Diet Sugar",
      "Brand": "Zydus Wellness Products Ltd. (g)",
      "DosageForm": "natural sweeteners",
      "PrescriptionOTC": "O",
      "InteractiveModule": null,
      "InteractiveSubModule": "",
      "DeliveryDelayedDay": 0,
      "ProductId": "9473",
      "DisplayName": "Sugar Free Natura Low Calorie Sweetener Diet Sugar 80 g",
      "ProductAliasName": "Sugar Free Natura Low Calorie Sweetener Diet Sugar 80 g",
      "ProductImage": "Sugar-Free-Natura-Diet-Sugar-1596263265-10009695-1.jpg",
      "IsNew": 1,
      "HasOffer": "N",
      "IsGiftableProduct": 0,
      "IsCustomizable": 0,
      "IsFeatured": 0,
      "DosageRestriction": 3,
      "DosageAlert": 0,
      "Active": 1,
      "ProductStatus": "C",
      "IsRedeemable": 0,
      "DosageFormDisplaySeq": 47,
      "DocumentId": "9473",
      "GroupSize": 1,
      "AvgRating": 4.6,
      "NumRating": 156,
      "OrderCount": 7701,
      "NumCustomer": 2613,
      "DisplayRank": 0,
      "UnitPrice": 259.1125,
      "Keywords": "artificial sweetener sweetening diabetes diabetic sugarfree grocery  sugarfreeotc products household supplies",
      "Strength": "80 g",
      "ProductShortDescription": "",
      "Salts": {},
      "MfgGroup": "Zydus Wellness Products Ltd. (G)",
      "EncodeProdId": "g9uasv",
      "CustDiscPercent": 13,
      "CustOfferPrice": 207.29,
      "PTR": 0,
      "PTRDiscPercent": 0,
      "SchemeFreeBaseQty": 0,
      "OfferCategoryId": 0,
      "OfferCategory": "",
      "OfferTitle": "",
      "OfferImage": "",
      "ApplyPincodeWiseDiscount": false,
      "IsPurchased": 0,
      "DisplayFactor": 1,
      "SKUOrderCount": 7701,
      "MaxSKUOrderCount": 0,
      "PKLotId": "1002915968",
      "SchemeFreeBaseQtyOfferText": "",
      "CustomScoreManipulator": 1672,
      "RecentOrderCount": 708,
      "RecentProductCount": 893,
      "RecentCustCount": 385,
      "RefProductId": null,
      "RouteId": 0,
      "BrandImage": "1499230670_sugar-free.jpg",
      "PrimaryDisease": "diabetes type 2",
      "CustHighDisc": 0,
      "OfferPrice": 207.29,
      "DiscountPercent": 13,
      "MinQty": 1,
      "IsOutOfStock": "N",
      "IsCourierable": 1,
      "MRP": 240,
      "ExpiryDate": "2023-08-31T00:00:00.000Z",
      "LastMRP": 240,
      "score": 0.8
    },
    {
      "ProductName": "Dabur Hajmola Digestive Regular",
      "Brand": "Dabur India Limited",
      "DosageForm": "digestives & candies",
      "PrescriptionOTC": "O",
      "InteractiveModule": null,
      "InteractiveSubModule": "",
      "DeliveryDelayedDay": 30,
      "ProductId": "11621",
      "DisplayName": "Dabur Hajmola Digestive Regular 4 Tablets",
      "ProductAliasName": "Dabur Hajmola Digestive Regular 4 Tablets",
      "ProductImage": "Dabur-Hajmola-Regular-1592828771-10011581-1.jpg",
      "IsNew": 1,
      "HasOffer": "N",
      "IsGiftableProduct": 0,
      "IsCustomizable": 0,
      "IsFeatured": 0,
      "DosageRestriction": 0,
      "DosageAlert": 0,
      "Active": 1,
      "ProductStatus": "C",
      "IsRedeemable": 0,
      "DosageFormDisplaySeq": null,
      "DocumentId": "3772",
      "GroupSize": 3,
      "AvgRating": 4.56,
      "NumRating": 800,
      "OrderCount": 22319,
      "NumCustomer": 13869,
      "DisplayRank": 9999,
      "UnitPrice": 0,
      "Keywords": "digestive digetionotc products household supplies",
      "Strength": "4 Tablets",
      "ProductShortDescription": "",
      "Salts": {},
      "MfgGroup": "Dabur India Limited",
      "EncodeProdId": "9maank",
      "CustDiscPercent": 3,
      "CustOfferPrice": 0.97,
      "PTR": 0,
      "PTRDiscPercent": 0,
      "SchemeFreeBaseQty": 0,
      "OfferCategoryId": 0,
      "OfferCategory": "",
      "OfferTitle": "",
      "OfferImage": "",
      "ApplyPincodeWiseDiscount": false,
      "IsPurchased": 0,
      "DisplayFactor": 1,
      "SKUOrderCount": 7691,
      "MaxSKUOrderCount": 0,
      "PKLotId": "1003166151",
      "SchemeFreeBaseQtyOfferText": "",
      "CustomScoreManipulator": 2466,
      "RecentOrderCount": 1076,
      "RecentProductCount": 4416,
      "RecentCustCount": 780,
      "RefProductId": null,
      "RouteId": 0,
      "BrandImage": "1499241615_Hajmola.jpg",
      "PrimaryDisease": "",
      "CustHighDisc": 0,
      "OfferPrice": 0.97,
      "DiscountPercent": 3,
      "MinQty": 1,
      "IsOutOfStock": "N",
      "IsCourierable": 1,
      "MRP": 1,
      "ExpiryDate": "2023-12-31T00:00:00.000Z",
      "LastMRP": 1,
      "score": 0.8
    },
    {
      "ProductName": "Stayfree Secure Dry XL Wings Sanitary Pads",
      "Brand": "Johnson & Johnson Private Ltd.",
      "DosageForm": "sanitary pads",
      "PrescriptionOTC": "O",
      "InteractiveModule": null,
      "InteractiveSubModule": "",
      "DeliveryDelayedDay": 0,
      "ProductId": "22728",
      "DisplayName": "Stayfree Secure Dry XL Wings Sanitary Pads Pack Of 7",
      "ProductAliasName": "Stayfree Secure Dry XL Wings Sanitary Pads Pack Of 7",
      "ProductImage": "Stayfree-Secure-Dry-XL-Wings-Sanitary-Pads-1604394124-10021778-1.jpg",
      "IsNew": 1,
      "HasOffer": "N",
      "IsGiftableProduct": 0,
      "IsCustomizable": 0,
      "IsFeatured": 0,
      "DosageRestriction": 0,
      "DosageAlert": 0,
      "Active": 1,
      "ProductStatus": "C",
      "IsRedeemable": 0,
      "DosageFormDisplaySeq": null,
      "DocumentId": "22728",
      "GroupSize": 2,
      "AvgRating": 4.59,
      "NumRating": 227,
      "OrderCount": 8029,
      "NumCustomer": 4208,
      "DisplayRank": 99,
      "UnitPrice": 0,
      "Keywords": "female feminine hygiene leak proof dry quick absorb extra large woman women womenday stayfree-xl-dry-cover-wings stay freeotc products household supplies",
      "Strength": "Pack Of 7",
      "ProductShortDescription": "",
      "Salts": {},
      "MfgGroup": "Johnson & Johnson Private Ltd.",
      "EncodeProdId": "g98e6b",
      "CustDiscPercent": 5,
      "CustOfferPrice": 39.74,
      "PTR": 0,
      "PTRDiscPercent": 0,
      "SchemeFreeBaseQty": 0,
      "OfferCategoryId": 0,
      "OfferCategory": "",
      "OfferTitle": "",
      "OfferImage": "",
      "ApplyPincodeWiseDiscount": false,
      "IsPurchased": 0,
      "DisplayFactor": 1,
      "SKUOrderCount": 7564,
      "MaxSKUOrderCount": 0,
      "PKLotId": "1003277371",
      "SchemeFreeBaseQtyOfferText": "",
      "CustomScoreManipulator": 2299,
      "RecentOrderCount": 1209,
      "RecentProductCount": 3073,
      "RecentCustCount": 800,
      "RefProductId": null,
      "RouteId": 0,
      "BrandImage": "1499230741_stayfree.jpg",
      "PrimaryDisease": "",
      "CustHighDisc": 0,
      "OfferPrice": 39.74,
      "DiscountPercent": 5,
      "MinQty": 1,
      "IsOutOfStock": "N",
      "IsCourierable": 1,
      "MRP": 42,
      "ExpiryDate": "2024-12-31T00:00:00.000Z",
      "LastMRP": 42,
      "score": 0.8
    },
    {
      "ProductName": "Ensure Vanilla Powder Refill",
      "Brand": "Abbott Healthcare Pvt. Ltd. (nutrition)",
      "DosageForm": "health drinks",
      "PrescriptionOTC": "O",
      "InteractiveModule": null,
      "InteractiveSubModule": "",
      "DeliveryDelayedDay": 0,
      "ProductId": "71086",
      "DisplayName": "Ensure Vanilla Powder Refill 400 g",
      "ProductAliasName": "Ensure Vanilla Powder Refill 400 g",
      "ProductImage": "Ensure-Vanilla-Refill-Powder-1575706103-10046125-1.jpg",
      "IsNew": 1,
      "HasOffer": "N",
      "IsGiftableProduct": 0,
      "IsCustomizable": 0,
      "IsFeatured": 0,
      "DosageRestriction": 0,
      "DosageAlert": 0,
      "Active": 1,
      "ProductStatus": "C",
      "IsRedeemable": 0,
      "DosageFormDisplaySeq": null,
      "DocumentId": "27710",
      "GroupSize": 3,
      "AvgRating": 4.7,
      "NumRating": 621,
      "OrderCount": 19848,
      "NumCustomer": 11714,
      "DisplayRank": 99,
      "UnitPrice": 136.01,
      "Keywords": "vanilla grocery healthdrinkotc products household supplies",
      "Strength": "400 g",
      "ProductShortDescription": "",
      "Salts": {},
      "MfgGroup": "Abbott Healthcare Pvt. Ltd. (Nutrition)",
      "EncodeProdId": "vxv8ps",
      "CustDiscPercent": 2,
      "CustOfferPrice": 544.04,
      "PTR": 0,
      "PTRDiscPercent": 0,
      "SchemeFreeBaseQty": 0,
      "OfferCategoryId": 0,
      "OfferCategory": "",
      "OfferTitle": "",
      "OfferImage": "",
      "ApplyPincodeWiseDiscount": false,
      "IsPurchased": 0,
      "DisplayFactor": 1,
      "SKUOrderCount": 7548,
      "MaxSKUOrderCount": 0,
      "PKLotId": "1003148784",
      "SchemeFreeBaseQtyOfferText": "",
      "CustomScoreManipulator": 3093,
      "RecentOrderCount": 2614,
      "RecentProductCount": 2755,
      "RecentCustCount": 1806,
      "RefProductId": "3796",
      "RouteId": 0,
      "BrandImage": "1499234710_Ensure.jpg",
      "PrimaryDisease": "",
      "CustHighDisc": 0,
      "OfferPrice": 544.04,
      "DiscountPercent": 2,
      "MinQty": 1,
      "IsOutOfStock": "N",
      "IsCourierable": 1,
      "MRP": 560,
      "ExpiryDate": "2023-04-30T00:00:00.000Z",
      "LastMRP": 560,
      "score": 0.8
    },
    {
      "ProductName": "Stayfree Secure Dry Regular with Wings Sanitary Pads",
      "Brand": "Johnson & Johnson Private Ltd",
      "DosageForm": "sanitary pads",
      "PrescriptionOTC": "O",
      "InteractiveModule": null,
      "InteractiveSubModule": "",
      "DeliveryDelayedDay": 0,
      "ProductId": "49923",
      "DisplayName": "Stayfree Secure Dry Regular with Wings Sanitary Pads Pack Of 7",
      "ProductAliasName": "Stayfree Secure Dry Regular with Wings Sanitary Pads Pack Of 7",
      "ProductImage": "Stayfree-Secure-Dry-Regular-Wings-Sanitary-Pads-1618466827-10037274-1.jpg",
      "IsNew": 1,
      "HasOffer": "N",
      "IsGiftableProduct": 0,
      "IsCustomizable": 0,
      "IsFeatured": 0,
      "DosageRestriction": 5,
      "DosageAlert": 0,
      "Active": 1,
      "ProductStatus": "C",
      "IsRedeemable": 0,
      "DosageFormDisplaySeq": 37,
      "DocumentId": "49923",
      "GroupSize": 1,
      "AvgRating": 4.5,
      "NumRating": 170,
      "OrderCount": 7508,
      "NumCustomer": 3875,
      "DisplayRank": 99,
      "UnitPrice": 0,
      "Keywords": "female feminine hygiene leak proof dry quick absorb woman women womenday stay freeotc products household supplies",
      "Strength": "Pack Of 7",
      "ProductShortDescription": "",
      "Salts": {},
      "MfgGroup": "Johnson & Johnson Private Ltd",
      "EncodeProdId": "5tv2gv",
      "CustDiscPercent": 5,
      "CustOfferPrice": 30.13,
      "PTR": 0,
      "PTRDiscPercent": 0,
      "SchemeFreeBaseQty": 0,
      "OfferCategoryId": 0,
      "OfferCategory": "",
      "OfferTitle": "",
      "OfferImage": "",
      "ApplyPincodeWiseDiscount": false,
      "IsPurchased": 0,
      "DisplayFactor": 1,
      "SKUOrderCount": 7508,
      "MaxSKUOrderCount": 0,
      "PKLotId": "1003239592",
      "SchemeFreeBaseQtyOfferText": "",
      "CustomScoreManipulator": 2154,
      "RecentOrderCount": 1097,
      "RecentProductCount": 2478,
      "RecentCustCount": 777,
      "RefProductId": null,
      "RouteId": 0,
      "BrandImage": "1499230741_stayfree.jpg",
      "PrimaryDisease": "",
      "CustHighDisc": 0,
      "OfferPrice": 30.13,
      "DiscountPercent": 5,
      "MinQty": 1,
      "IsOutOfStock": "N",
      "IsCourierable": 1,
      "MRP": 32,
      "ExpiryDate": "2024-10-31T00:00:00.000Z",
      "LastMRP": 32,
      "score": 0.8
    },
    {
      "ProductName": "Volini Gel",
      "Brand": "Sun Pharmaceutical Ind. Ltd.",
      "DosageForm": "gel",
      "PrescriptionOTC": "M",
      "InteractiveModule": null,
      "InteractiveSubModule": "",
      "DeliveryDelayedDay": 0,
      "ProductId": "19340",
      "DisplayName": "Volini Gel 100 g",
      "ProductAliasName": "Volini Gel 100 g",
      "ProductImage": "Volini-1614052574-10018443-1.jpg",
      "IsNew": 1,
      "HasOffer": "N",
      "IsGiftableProduct": 0,
      "IsCustomizable": 0,
      "IsFeatured": 0,
      "DosageRestriction": 0,
      "DosageAlert": 0,
      "Active": 1,
      "ProductStatus": "C",
      "IsRedeemable": 0,
      "DosageFormDisplaySeq": null,
      "DocumentId": "2420",
      "GroupSize": 7,
      "AvgRating": 0,
      "NumRating": 219,
      "OrderCount": 103204,
      "NumCustomer": 61131,
      "DisplayRank": 99,
      "UnitPrice": 260.71,
      "Keywords": "pain arthritis backache muscular sprain volini-gel-composition omni-gel-vs-volini volini-vs-omni-gel volini-gel-mrp how-to-apply-volini-gel volini-gel-gel volini-gel volini-gel-price volini-gel-uses volini-gel-side-effects volini-gel-ingredients volini-gel-price-in-india volini-pain-relief-gel volini-gel-company composition-of-volini-gel volini-gel-during-pregnancy buy-volini-gel-online volini-pain-relief-gel-price price-of-volini-gel volini-spray-vs-gel volini-ranbaxy volini-logo volini-maxx-gel volini-cream volini-ointment volini-price volini-composition volini-wiki volini-tube volini-ad how-does-volini-work volini-ointment-price volini-meaning ranbaxy-volini why-does-volini-burn relispray-vs-volini volini-company volini-pain-relief volini-ingredients volini-medicine volini-plus volini-ad-actress can-volini-be-used-for-babies volini-during-pregnancy volini-ointment-uses volini-tablet volini-balm volini-side-effects can-volini-be-used-during-pregnancy volini-pronunciation side-effects-of-volini volini-360 how-volini-works volini-advertisement volini-vs-relispray systaflam-gel-vs-volini volini-price-in-india volini-gel-100-gm-price artharitis joient artheritis back acheotc products household supplies",
      "Strength": "100 g",
      "ProductShortDescription": "",
      "Salts": {
        "NameSearch": "pain inflammation",
        "SaltStrengthRaw": "Diclofenac Diethylamine + Linseed \noil + Methyl Salicylate + Menthol",
        "SaltStrength": "DICLOFENACDIETHYLAMINELINSEEDOILMENTHOLMETHYLSALICYLATE",
        "Id": "2773",
        "Code": "SN02554",
        "Name": "Pain Inflammation"
      },
      "MfgGroup": "Sun Pharmaceutical Ind. Ltd.",
      "EncodeProdId": "3l83r4",
      "CustDiscPercent": 15,
      "CustOfferPrice": 260.71,
      "PTR": 0,
      "PTRDiscPercent": 0,
      "SchemeFreeBaseQty": 0,
      "OfferCategoryId": 0,
      "OfferCategory": "",
      "OfferTitle": "",
      "OfferImage": "",
      "ApplyPincodeWiseDiscount": false,
      "IsPurchased": 0,
      "DisplayFactor": 1,
      "SKUOrderCount": 7443,
      "MaxSKUOrderCount": 0,
      "PKLotId": "1002939970",
      "SchemeFreeBaseQtyOfferText": "",
      "CustomScoreManipulator": 2683,
      "RecentOrderCount": 1953,
      "RecentProductCount": 2161,
      "RecentCustCount": 1594,
      "RefProductId": null,
      "RouteId": 0,
      "BrandImage": "",
      "PrimaryDisease": "headche, pain, inflamation, bone related disease",
      "CustHighDisc": 0,
      "OfferPrice": 260.71,
      "DiscountPercent": 15,
      "MinQty": 1,
      "IsOutOfStock": "N",
      "IsCourierable": 1,
      "MRP": 310,
      "ExpiryDate": "2023-07-31T00:00:00.000Z",
      "LastMRP": 310,
      "score": 0.8
    },
    {
      "ProductName": "Sugar Free Gold Low Calorie Sweetener",
      "Brand": "Zydus Wellness Products Ltd. (g)",
      "DosageForm": "sugar free",
      "PrescriptionOTC": "O",
      "InteractiveModule": null,
      "InteractiveSubModule": "",
      "DeliveryDelayedDay": 0,
      "ProductId": "70261",
      "DisplayName": "Sugar Free Gold Low Calorie Sweetener 50 Pellets",
      "ProductAliasName": "Sugar Free Gold Low Calorie Sweetener 50 Pellets",
      "ProductImage": "Sugar-Free-Gold-Low-Calorie-Sweetener-1621852741-10045297-1.jpg",
      "IsNew": 1,
      "HasOffer": "N",
      "IsGiftableProduct": 0,
      "IsCustomizable": 0,
      "IsFeatured": 0,
      "DosageRestriction": 0,
      "DosageAlert": 0,
      "Active": 1,
      "ProductStatus": "C",
      "IsRedeemable": 0,
      "DosageFormDisplaySeq": null,
      "DocumentId": "70261",
      "GroupSize": 1,
      "AvgRating": 4.4,
      "NumRating": 202,
      "OrderCount": 7409,
      "NumCustomer": 3429,
      "DisplayRank": 99,
      "UnitPrice": 53.339999999999996,
      "Keywords": "artificial sweetener sweetening diabetes diabetic groceryotc products household supplies",
      "Strength": "50 Pellets",
      "ProductShortDescription": "",
      "Salts": {},
      "MfgGroup": "Zydus Wellness Products Ltd. (G)",
      "EncodeProdId": "vqh5yx",
      "CustDiscPercent": 11,
      "CustOfferPrice": 26.67,
      "PTR": 0,
      "PTRDiscPercent": 0,
      "SchemeFreeBaseQty": 0,
      "OfferCategoryId": 0,
      "OfferCategory": "",
      "OfferTitle": "",
      "OfferImage": "",
      "ApplyPincodeWiseDiscount": false,
      "IsPurchased": 0,
      "DisplayFactor": 1,
      "SKUOrderCount": 7409,
      "MaxSKUOrderCount": 0,
      "PKLotId": "1003291935",
      "SchemeFreeBaseQtyOfferText": "",
      "CustomScoreManipulator": 2519,
      "RecentOrderCount": 1590,
      "RecentProductCount": 3503,
      "RecentCustCount": 930,
      "RefProductId": null,
      "RouteId": 0,
      "BrandImage": "1499230670_sugar-free.jpg",
      "PrimaryDisease": "diabetes type 2",
      "CustHighDisc": 0,
      "OfferPrice": 26.67,
      "DiscountPercent": 11,
      "MinQty": 1,
      "IsOutOfStock": "N",
      "IsCourierable": 1,
      "MRP": 30,
      "ExpiryDate": "2025-01-31T00:00:00.000Z",
      "LastMRP": 30,
      "score": 0.8
    },
    {
      "ProductName": "Dabur Hajmola Digestive Chat Cola",
      "Brand": "Dabur India Limited",
      "DosageForm": "digestives & candies",
      "PrescriptionOTC": "O",
      "InteractiveModule": null,
      "InteractiveSubModule": "",
      "DeliveryDelayedDay": 30,
      "ProductId": "76251",
      "DisplayName": "Dabur Hajmola Digestive Chat Cola 120 Tablets",
      "ProductAliasName": "Dabur Hajmola Digestive Chat Cola 120 Tablets",
      "ProductImage": "Hajmola-Chat-Cola-Tab-1541747924-10051299-1.jpg",
      "IsNew": 1,
      "HasOffer": "N",
      "IsGiftableProduct": 0,
      "IsCustomizable": 0,
      "IsFeatured": 0,
      "DosageRestriction": 0,
      "DosageAlert": 0,
      "Active": 1,
      "ProductStatus": "C",
      "IsRedeemable": 0,
      "DosageFormDisplaySeq": null,
      "DocumentId": "76251",
      "GroupSize": 2,
      "AvgRating": 4.5,
      "NumRating": 381,
      "OrderCount": 10558,
      "NumCustomer": 6649,
      "DisplayRank": 99,
      "UnitPrice": 0,
      "Keywords": "digestion digestive haj molaotc products household supplies",
      "Strength": "120 Tablets",
      "ProductShortDescription": "",
      "Salts": {},
      "MfgGroup": "Dabur India Limited",
      "EncodeProdId": "s4p3ld",
      "CustDiscPercent": 3,
      "CustOfferPrice": 47.47,
      "PTR": 0,
      "PTRDiscPercent": 0,
      "SchemeFreeBaseQty": 0,
      "OfferCategoryId": 0,
      "OfferCategory": "",
      "OfferTitle": "",
      "OfferImage": "",
      "ApplyPincodeWiseDiscount": false,
      "IsPurchased": 0,
      "DisplayFactor": 1,
      "SKUOrderCount": 7351,
      "MaxSKUOrderCount": 0,
      "PKLotId": "1003143107",
      "SchemeFreeBaseQtyOfferText": "",
      "CustomScoreManipulator": 2740,
      "RecentOrderCount": 2057,
      "RecentProductCount": 2518,
      "RecentCustCount": 1542,
      "RefProductId": null,
      "RouteId": 0,
      "BrandImage": "1499241615_Hajmola.jpg",
      "PrimaryDisease": "liver related",
      "CustHighDisc": 0,
      "OfferPrice": 47.47,
      "DiscountPercent": 3,
      "MinQty": 1,
      "IsOutOfStock": "N",
      "IsCourierable": 1,
      "MRP": 49,
      "ExpiryDate": "2022-11-30T00:00:00.000Z",
      "LastMRP": 49,
      "score": 0.8
    },
    {
      "ProductName": "Polycrol Xpress Relief (Sugar free) Gel",
      "Brand": "Piramal Enterprises Limited",
      "DosageForm": "gel",
      "PrescriptionOTC": "M",
      "InteractiveModule": null,
      "InteractiveSubModule": "",
      "DeliveryDelayedDay": 0,
      "ProductId": "22439",
      "DisplayName": "Polycrol Xpress Relief (Sugar free) Gel 200 ml",
      "ProductAliasName": "Polycrol Xpress Relief (Sugar free) Gel 200 ml",
      "ProductImage": "Polycrol-Xpress-Relief-Sugar-free-1645616377-10021489-1.jpg",
      "IsNew": 1,
      "HasOffer": "N",
      "IsGiftableProduct": 0,
      "IsCustomizable": 0,
      "IsFeatured": 0,
      "DosageRestriction": 0,
      "DosageAlert": 0,
      "Active": 1,
      "ProductStatus": "C",
      "IsRedeemable": 0,
      "DosageFormDisplaySeq": null,
      "DocumentId": "730",
      "GroupSize": 2,
      "AvgRating": 0,
      "NumRating": 64,
      "OrderCount": 39931,
      "NumCustomer": 16316,
      "DisplayRank": 99,
      "UnitPrice": 55.47,
      "Keywords": "indigestion gastric gastro sugarfree poly-crol policrol polykrol polycrol xpress relief gel 170 mlotc products household supplies",
      "Strength": "200 ml",
      "ProductShortDescription": "",
      "Salts": {
        "NameSearch": "activated dimethicone + aluminium hydroxide + magnesium hydroxide + sorbitol",
        "SaltStrengthRaw": "Activated Dimethicone + Magnesium Hydroxide + Aluminium Hydroxide + Sorbitol",
        "SaltStrength": "ACTIVATEDDIMETHICONEALUMINIUMHYDROXIDEMAGNESIUMHYDROXIDESORBITOL",
        "Id": "6169",
        "Code": "SN05163",
        "Name": "Activated Dimethicone + Aluminium Hydroxide + Magnesium Hydroxide + Sorbitol"
      },
      "MfgGroup": "Piramal Enterprises Limited",
      "EncodeProdId": "cjrpm9",
      "CustDiscPercent": 11,
      "CustOfferPrice": 110.94,
      "PTR": 0,
      "PTRDiscPercent": 0,
      "SchemeFreeBaseQty": 0,
      "OfferCategoryId": 0,
      "OfferCategory": "",
      "OfferTitle": "",
      "OfferImage": "",
      "ApplyPincodeWiseDiscount": false,
      "IsPurchased": 0,
      "DisplayFactor": 1,
      "SKUOrderCount": 7340,
      "MaxSKUOrderCount": 0,
      "PKLotId": "1003180495",
      "SchemeFreeBaseQtyOfferText": "",
      "CustomScoreManipulator": 2017,
      "RecentOrderCount": 1189,
      "RecentProductCount": 1238,
      "RecentCustCount": 895,
      "RefProductId": null,
      "RouteId": 0,
      "BrandImage": "",
      "PrimaryDisease": "liver related",
      "CustHighDisc": 0,
      "OfferPrice": 110.94,
      "DiscountPercent": 11,
      "MinQty": 1,
      "IsOutOfStock": "N",
      "IsCourierable": 1,
      "MRP": 125,
      "ExpiryDate": "2024-10-31T00:00:00.000Z",
      "LastMRP": 125,
      "score": 0.8
    },
    {
      "ProductName": "Dettol Original Handwash",
      "Brand": "Reckitt Benckiser (india) Pvt. Ltd.",
      "DosageForm": "hand wash",
      "PrescriptionOTC": "O",
      "InteractiveModule": null,
      "InteractiveSubModule": "",
      "DeliveryDelayedDay": 0,
      "ProductId": "9945",
      "DisplayName": "Dettol Original Handwash 900 ml",
      "ProductAliasName": "Dettol Original Handwash 900 ml",
      "ProductImage": "Dettol-Original-Handwash-1632294360-10010108-1.jpg",
      "IsNew": 1,
      "HasOffer": "N",
      "IsGiftableProduct": 0,
      "IsCustomizable": 0,
      "IsFeatured": 0,
      "DosageRestriction": 0,
      "DosageAlert": 0,
      "Active": 1,
      "ProductStatus": "C",
      "IsRedeemable": 0,
      "DosageFormDisplaySeq": null,
      "DocumentId": "9945",
      "GroupSize": 3,
      "AvgRating": 4.61,
      "NumRating": 592,
      "OrderCount": 13648,
      "NumCustomer": 10606,
      "DisplayRank": 99,
      "UnitPrice": 15.095555555555556,
      "Keywords": "clean hand liquid germ protection soft smooth  wash detolotc products household supplies",
      "Strength": "900 ml",
      "ProductShortDescription": "",
      "Salts": {},
      "MfgGroup": "Reckitt Benckiser (India) Pvt. Ltd.",
      "EncodeProdId": "q8pae9",
      "CustDiscPercent": 8,
      "CustOfferPrice": 135.86,
      "PTR": 0,
      "PTRDiscPercent": 0,
      "SchemeFreeBaseQty": 0,
      "OfferCategoryId": 0,
      "OfferCategory": "",
      "OfferTitle": "",
      "OfferImage": "",
      "ApplyPincodeWiseDiscount": false,
      "IsPurchased": 0,
      "DisplayFactor": 1,
      "SKUOrderCount": 7231,
      "MaxSKUOrderCount": 0,
      "PKLotId": "1003308935",
      "SchemeFreeBaseQtyOfferText": "",
      "CustomScoreManipulator": 1909,
      "RecentOrderCount": 1008,
      "RecentProductCount": 1176,
      "RecentCustCount": 842,
      "RefProductId": null,
      "RouteId": 0,
      "BrandImage": "1499230939_dettol.jpg",
      "PrimaryDisease": "",
      "CustHighDisc": 0,
      "OfferPrice": 135.86,
      "DiscountPercent": 8,
      "MinQty": 1,
      "IsOutOfStock": "N",
      "IsCourierable": 0,
      "MRP": 149,
      "ExpiryDate": "2024-03-31T00:00:00.000Z",
      "LastMRP": 149,
      "score": 0.8
    },
    {
      "ProductName": "Sugar Free Natura Low Calorie Sweetener",
      "Brand": "Zydus Wellness Products Ltd.(gujarat)",
      "DosageForm": "natural sweeteners",
      "PrescriptionOTC": "O",
      "InteractiveModule": null,
      "InteractiveSubModule": "",
      "DeliveryDelayedDay": 0,
      "ProductId": "15676",
      "DisplayName": "Sugar Free Natura Low Calorie Sweetener 1 kg",
      "ProductAliasName": "Sugar Free Natura Low Calorie Sweetener 1 kg",
      "ProductImage": "Sugar-Free-Natura-Powder-1596263272-10015043-1.jpg",
      "IsNew": 1,
      "HasOffer": "N",
      "IsGiftableProduct": 0,
      "IsCustomizable": 0,
      "IsFeatured": 0,
      "DosageRestriction": 0,
      "DosageAlert": 0,
      "Active": 1,
      "ProductStatus": "C",
      "IsRedeemable": 0,
      "DosageFormDisplaySeq": null,
      "DocumentId": "3956",
      "GroupSize": 9,
      "AvgRating": 4.61,
      "NumRating": 1021,
      "OrderCount": 41088,
      "NumCustomer": 17044,
      "DisplayRank": 0,
      "UnitPrice": 82.052,
      "Keywords": "artificial sweetener sweetening diabetes diabetic sugarfree grocery  sugarfreeotc products household supplies",
      "Strength": "1 kg",
      "ProductShortDescription": "",
      "Salts": {},
      "MfgGroup": "Zydus Wellness Products Ltd.(Gujarat)",
      "EncodeProdId": "vmr63q",
      "CustDiscPercent": 13,
      "CustOfferPrice": 820.52,
      "PTR": 0,
      "PTRDiscPercent": 0,
      "SchemeFreeBaseQty": 0,
      "OfferCategoryId": 0,
      "OfferCategory": "",
      "OfferTitle": "",
      "OfferImage": "",
      "ApplyPincodeWiseDiscount": false,
      "IsPurchased": 0,
      "DisplayFactor": 1,
      "SKUOrderCount": 7094,
      "MaxSKUOrderCount": 0,
      "PKLotId": "1002916183",
      "SchemeFreeBaseQtyOfferText": "",
      "CustomScoreManipulator": 1915,
      "RecentOrderCount": 1143,
      "RecentProductCount": 1217,
      "RecentCustCount": 766,
      "RefProductId": null,
      "RouteId": 0,
      "BrandImage": "1499230670_sugar-free.jpg",
      "PrimaryDisease": "diabetes type 2",
      "CustHighDisc": 0,
      "OfferPrice": 820.52,
      "DiscountPercent": 13,
      "MinQty": 1,
      "IsOutOfStock": "N",
      "IsCourierable": 1,
      "MRP": 950,
      "ExpiryDate": "2023-08-31T00:00:00.000Z",
      "LastMRP": 950,
      "score": 0.8
    },
    {
      "ProductName": "Cotton Wool Absorbent (B.S) Net",
      "Brand": "Bengal Surgicals Limited",
      "DosageForm": "absorbents",
      "PrescriptionOTC": "M",
      "InteractiveModule": null,
      "InteractiveSubModule": "",
      "DeliveryDelayedDay": 0,
      "ProductId": "3564",
      "DisplayName": "Cotton Wool Absorbent (B.S) Net 400 g",
      "ProductAliasName": "Cotton Wool Absorbent (B.S) Net 400 g",
      "ProductImage": "cotton-wool-absorbent-1406056190-10004075.JPG",
      "IsNew": 1,
      "HasOffer": "N",
      "IsGiftableProduct": 0,
      "IsCustomizable": 0,
      "IsFeatured": 0,
      "DosageRestriction": 0,
      "DosageAlert": 0,
      "Active": 1,
      "ProductStatus": "C",
      "IsRedeemable": 0,
      "DosageFormDisplaySeq": null,
      "DocumentId": "3560",
      "GroupSize": 5,
      "AvgRating": 0,
      "NumRating": 65,
      "OrderCount": 20923,
      "NumCustomer": 14713,
      "DisplayRank": 0,
      "UnitPrice": 37.1525,
      "Keywords": "first aid  kotton koton firstaidotc products household supplies",
      "Strength": "400 g",
      "ProductShortDescription": "",
      "Salts": {
        "NameSearch": "absorbents",
        "SaltStrengthRaw": "",
        "SaltStrength": "ABSORBENTS400G",
        "Id": "2781",
        "Code": "SN02560",
        "Name": "Absorbents"
      },
      "MfgGroup": "Bengal Surgicals Limited",
      "EncodeProdId": "8yzd4r",
      "CustDiscPercent": 26,
      "CustOfferPrice": 148.61,
      "PTR": 0,
      "PTRDiscPercent": 0,
      "SchemeFreeBaseQty": 0,
      "OfferCategoryId": 0,
      "OfferCategory": "",
      "OfferTitle": "",
      "OfferImage": "",
      "ApplyPincodeWiseDiscount": false,
      "IsPurchased": 0,
      "DisplayFactor": 1,
      "SKUOrderCount": 7054,
      "MaxSKUOrderCount": 0,
      "PKLotId": "1003284495",
      "SchemeFreeBaseQtyOfferText": "",
      "CustomScoreManipulator": 1486,
      "RecentOrderCount": 542,
      "RecentProductCount": 785,
      "RecentCustCount": 344,
      "RefProductId": null,
      "RouteId": 0,
      "BrandImage": "Bengal-Surgicals.jpg",
      "PrimaryDisease": "",
      "CustHighDisc": 1,
      "OfferPrice": 148.61,
      "DiscountPercent": 26,
      "MinQty": 1,
      "IsOutOfStock": "N",
      "IsCourierable": 1,
      "MRP": 202,
      "ExpiryDate": "2025-01-31T00:00:00.000Z",
      "LastMRP": 202,
      "score": 0.8
    },
    {
      "ProductName": "Jointace C2+",
      "Brand": "Meyer Organics Pvt. Ltd.",
      "DosageForm": "tablet.",
      "PrescriptionOTC": "M",
      "InteractiveModule": null,
      "InteractiveSubModule": "",
      "DeliveryDelayedDay": 0,
      "ProductId": "28791",
      "DisplayName": "Jointace C2+ 10 Tablets",
      "ProductAliasName": "Jointace C2+ 10 Tablets",
      "ProductImage": "Jointace-C2-1594458438-10027849-1.jpg",
      "IsNew": 1,
      "HasOffer": "N",
      "IsGiftableProduct": 0,
      "IsCustomizable": 0,
      "IsFeatured": 0,
      "DosageRestriction": 0,
      "DosageAlert": 0,
      "Active": 1,
      "ProductStatus": "C",
      "IsRedeemable": 0,
      "DosageFormDisplaySeq": null,
      "DocumentId": "28791",
      "GroupSize": 1,
      "AvgRating": 0,
      "NumRating": 9,
      "OrderCount": 7025,
      "NumCustomer": 2478,
      "DisplayRank": 99,
      "UnitPrice": 0,
      "Keywords": "bone-&-joint-disorderotc products household supplies",
      "Strength": "10 Tablets",
      "ProductShortDescription": "",
      "Salts": {
        "NameSearch": "collagen peptide type ii + glucosamine + rosehip extract + vitamin d3 + vitamin c + vitamin b12 + folic acid + multimineral + ginger extract",
        "SaltStrengthRaw": "Collagen (type-2) 250mg + Elemental Copper 0.5mg + Elemental Iron 5mg + Elemental Manganese 2mg + Elemental Selenium 60mcg + Elemental Zinc 5mg + Folic Acid 200mcg + Ginger Extract 40mg + Glucosamine Sulphate Potassium Chloride 750mg + Rosehip Extract 50mg + Vitamin B12 10mcg + Vitamin C 30mg + Vitamin D3 25mcg (1000iu)",
        "SaltStrength": "COLLAGENTYPE2250MGELEMENTALCOPPER0.5MGELEMENTALIRON5MGELEMENTALMANGANESE2MGELEMENTALSELENIUM60MCGELEMENTALZINC5MGFOLICACID200MCGGINGEREXTRACT40MGGLUCOSAMINESULPHATEPOTASSIUMCHLORIDE750MGROSEHIPEXTRACT50MGVITAMINB1210MCGVITAMINC30MGVITAMIND325MCG1000IU",
        "Id": "4471",
        "Code": "SN03654",
        "Name": "Collagen Peptide Type Ii + Glucosamine + Rosehip Extract + Vitamin D3 + Vitamin C + Vitamin B12 + Folic Acid + Multimineral + Ginger Extract"
      },
      "MfgGroup": "Meyer Organics Pvt. Ltd.",
      "EncodeProdId": "pyjhjg",
      "CustDiscPercent": 28,
      "CustOfferPrice": 268.19,
      "PTR": 0,
      "PTRDiscPercent": 0,
      "SchemeFreeBaseQty": 0,
      "OfferCategoryId": 0,
      "OfferCategory": "",
      "OfferTitle": "",
      "OfferImage": "",
      "ApplyPincodeWiseDiscount": false,
      "IsPurchased": 0,
      "DisplayFactor": 1,
      "SKUOrderCount": 7025,
      "MaxSKUOrderCount": 0,
      "PKLotId": "1003303459",
      "SchemeFreeBaseQtyOfferText": "",
      "CustomScoreManipulator": 1859,
      "RecentOrderCount": 924,
      "RecentProductCount": 2266,
      "RecentCustCount": 404,
      "RefProductId": null,
      "RouteId": 1,
      "BrandImage": "",
      "PrimaryDisease": "",
      "CustHighDisc": 1,
      "OfferPrice": 268.19,
      "DiscountPercent": 28,
      "MinQty": 1,
      "IsOutOfStock": "N",
      "IsCourierable": 1,
      "MRP": 373,
      "ExpiryDate": "2023-08-31T00:00:00.000Z",
      "LastMRP": 373,
      "score": 0.8
    },
    {
      "ProductName": "Dettol Multi-Purpose Disinfectant Liquid Lime Fresh",
      "Brand": "Reckitt Benckiser (india) Pvt. Ltd.",
      "DosageForm": "antiseptic & disinfectant",
      "PrescriptionOTC": "O",
      "InteractiveModule": null,
      "InteractiveSubModule": "",
      "DeliveryDelayedDay": 0,
      "ProductId": "12850",
      "DisplayName": "Dettol Multi-Purpose Disinfectant Liquid Lime Fresh 200 ml",
      "ProductAliasName": "Dettol Multi-Purpose Disinfectant Liquid Lime Fresh 200 ml",
      "ProductImage": "Dettol-Multi-Purpose-Disinfectant-Liquid-Lime-Fresh-1632303056-10012810-1.jpg",
      "IsNew": 1,
      "HasOffer": "N",
      "IsGiftableProduct": 0,
      "IsCustomizable": 0,
      "IsFeatured": 0,
      "DosageRestriction": 0,
      "DosageAlert": 0,
      "Active": 1,
      "ProductStatus": "C",
      "IsRedeemable": 0,
      "DosageFormDisplaySeq": null,
      "DocumentId": "10377",
      "GroupSize": 3,
      "AvgRating": 4.52,
      "NumRating": 1245,
      "OrderCount": 26440,
      "NumCustomer": 19581,
      "DisplayRank": 0,
      "UnitPrice": 45.77,
      "Keywords": "bath shave shaving clean antiseptic-&-disinfectant detolotc products household supplies",
      "Strength": "200 ml",
      "ProductShortDescription": "",
      "Salts": {},
      "MfgGroup": "Reckitt Benckiser (India) Pvt. Ltd.",
      "EncodeProdId": "auwqtj",
      "CustDiscPercent": 6,
      "CustOfferPrice": 91.54,
      "PTR": 0,
      "PTRDiscPercent": 0,
      "SchemeFreeBaseQty": 0,
      "OfferCategoryId": 0,
      "OfferCategory": "",
      "OfferTitle": "",
      "OfferImage": "",
      "ApplyPincodeWiseDiscount": false,
      "IsPurchased": 0,
      "DisplayFactor": 1,
      "SKUOrderCount": 6923,
      "MaxSKUOrderCount": 0,
      "PKLotId": "1003309002",
      "SchemeFreeBaseQtyOfferText": "",
      "CustomScoreManipulator": 1697,
      "RecentOrderCount": 790,
      "RecentProductCount": 903,
      "RecentCustCount": 703,
      "RefProductId": null,
      "RouteId": 0,
      "BrandImage": "1499230939_dettol.jpg",
      "PrimaryDisease": "",
      "CustHighDisc": 0,
      "OfferPrice": 91.54,
      "DiscountPercent": 6,
      "MinQty": 1,
      "IsOutOfStock": "N",
      "IsCourierable": 1,
      "MRP": 98,
      "ExpiryDate": "2023-12-31T00:00:00.000Z",
      "LastMRP": 98,
      "score": 0.8
    },
    {
      "ProductName": "Patanjali Honey",
      "Brand": "Patanjali Ayurved Ltd.",
      "DosageForm": "honey",
      "PrescriptionOTC": "O",
      "InteractiveModule": null,
      "InteractiveSubModule": "",
      "DeliveryDelayedDay": 30,
      "ProductId": "15384",
      "DisplayName": "Patanjali Honey 250 g",
      "ProductAliasName": "Patanjali Honey 250 g",
      "ProductImage": "Patanjali-Honey-1605243821-10014751-1.jpg",
      "IsNew": 1,
      "HasOffer": "N",
      "IsGiftableProduct": 0,
      "IsCustomizable": 0,
      "IsFeatured": 0,
      "DosageRestriction": 0,
      "DosageAlert": 0,
      "Active": 1,
      "ProductStatus": "C",
      "IsRedeemable": 0,
      "DosageFormDisplaySeq": null,
      "DocumentId": "15383",
      "GroupSize": 3,
      "AvgRating": 4.29,
      "NumRating": 752,
      "OrderCount": 18716,
      "NumCustomer": 12719,
      "DisplayRank": 0,
      "UnitPrice": 35.908,
      "Keywords": "anti oxidant antioxidant sweetner natural cough cold  immune immunity madhu patanjaliotc products household supplies",
      "Strength": "250 g",
      "ProductShortDescription": "",
      "Salts": {},
      "MfgGroup": "Patanjali Ayurved Ltd.",
      "EncodeProdId": "ldm5r3",
      "CustDiscPercent": 5,
      "CustOfferPrice": 89.77,
      "PTR": 0,
      "PTRDiscPercent": 0,
      "SchemeFreeBaseQty": 0,
      "OfferCategoryId": 0,
      "OfferCategory": "",
      "OfferTitle": "",
      "OfferImage": "",
      "ApplyPincodeWiseDiscount": false,
      "IsPurchased": 0,
      "DisplayFactor": 1,
      "SKUOrderCount": 6873,
      "MaxSKUOrderCount": 0,
      "PKLotId": "1003247729",
      "SchemeFreeBaseQtyOfferText": "",
      "CustomScoreManipulator": 1567,
      "RecentOrderCount": 649,
      "RecentProductCount": 717,
      "RecentCustCount": 573,
      "RefProductId": null,
      "RouteId": 0,
      "BrandImage": "1499253411_Patanjali.jpg",
      "PrimaryDisease": "lung related",
      "CustHighDisc": 0,
      "OfferPrice": 89.77,
      "DiscountPercent": 5,
      "MinQty": 1,
      "IsOutOfStock": "N",
      "IsCourierable": 1,
      "MRP": 95,
      "ExpiryDate": "2022-11-30T00:00:00.000Z",
      "LastMRP": 95,
      "score": 0.8
    },
    {
      "ProductName": "Amrutanjan Maha Strong Hot Action Red Balm",
      "Brand": "Amrutanjan Health Care Ltd.",
      "DosageForm": "pain relief",
      "PrescriptionOTC": "M",
      "InteractiveModule": null,
      "InteractiveSubModule": "",
      "DeliveryDelayedDay": 30,
      "ProductId": "64475",
      "DisplayName": "Amrutanjan Maha Strong Hot Action Red Balm 8 ml",
      "ProductAliasName": "Amrutanjan Maha Strong Hot Action Red Balm 8 ml",
      "ProductImage": "Amrutanjan-Maha-Strong-Hot-Action-Red-Balm-1594880328-10039477-1.jpg",
      "IsNew": 1,
      "HasOffer": "N",
      "IsGiftableProduct": 0,
      "IsCustomizable": 0,
      "IsFeatured": 0,
      "DosageRestriction": 5,
      "DosageAlert": 0,
      "Active": 1,
      "ProductStatus": "C",
      "IsRedeemable": 0,
      "DosageFormDisplaySeq": 9,
      "DocumentId": "64475",
      "GroupSize": 1,
      "AvgRating": 0,
      "NumRating": 184,
      "OrderCount": 6793,
      "NumCustomer": 4707,
      "DisplayRank": 99,
      "UnitPrice": 462.875,
      "Keywords": "pain chronic head body ache amritanjan amrutanjan maha strong red balm 8 mlotc products household supplies",
      "Strength": "8 ml",
      "ProductShortDescription": "",
      "Salts": {
        "NameSearch": "amrutanjan pain relief",
        "SaltStrengthRaw": "",
        "SaltStrength": "AMRUTANJANPAINRELIEF8ML",
        "Id": "5036",
        "Code": "SN05000",
        "Name": "Amrutanjan Pain Relief"
      },
      "MfgGroup": "Amrutanjan Health Care Ltd.",
      "EncodeProdId": "mwy7x8",
      "CustDiscPercent": 11,
      "CustOfferPrice": 37.03,
      "PTR": 0,
      "PTRDiscPercent": 0,
      "SchemeFreeBaseQty": 0,
      "OfferCategoryId": 0,
      "OfferCategory": "",
      "OfferTitle": "",
      "OfferImage": "",
      "ApplyPincodeWiseDiscount": false,
      "IsPurchased": 0,
      "DisplayFactor": 1,
      "SKUOrderCount": 6793,
      "MaxSKUOrderCount": 0,
      "PKLotId": "1003249824",
      "SchemeFreeBaseQtyOfferText": "",
      "CustomScoreManipulator": 1814,
      "RecentOrderCount": 949,
      "RecentProductCount": 1161,
      "RecentCustCount": 824,
      "RefProductId": "48963",
      "RouteId": 0,
      "BrandImage": "1499175198_amrutanjan.jpg",
      "PrimaryDisease": "",
      "CustHighDisc": 0,
      "OfferPrice": 37.03,
      "DiscountPercent": 11,
      "MinQty": 1,
      "IsOutOfStock": "N",
      "IsCourierable": 1,
      "MRP": 42,
      "ExpiryDate": "2024-11-30T00:00:00.000Z",
      "LastMRP": 42,
      "score": 0.8
    },
    {
      "ProductName": "Ensure Vanilla Powder Refill",
      "Brand": "Abbott Healthcare Pvt. Ltd. (nutrition)",
      "DosageForm": "health drinks",
      "PrescriptionOTC": "O",
      "InteractiveModule": null,
      "InteractiveSubModule": "",
      "DeliveryDelayedDay": 0,
      "ProductId": "84871",
      "DisplayName": "Ensure Vanilla Powder Refill 1 kg",
      "ProductAliasName": "Ensure Vanilla Powder Refill 1 kg",
      "ProductImage": "Ensure-Vanilla-Refill-Powder-1575706109-10059902-1.jpg",
      "IsNew": 1,
      "HasOffer": "Y",
      "IsGiftableProduct": 0,
      "IsCustomizable": 0,
      "IsFeatured": 0,
      "DosageRestriction": 0,
      "DosageAlert": 0,
      "Active": 1,
      "ProductStatus": "C",
      "IsRedeemable": 0,
      "DosageFormDisplaySeq": null,
      "DocumentId": "27710",
      "GroupSize": 3,
      "AvgRating": 4.7,
      "NumRating": 621,
      "OrderCount": 19848,
      "NumCustomer": 11714,
      "DisplayRank": 99,
      "UnitPrice": 121.438,
      "Keywords": "groceryotc products household supplies",
      "Strength": "1 kg",
      "ProductShortDescription": "",
      "Salts": {},
      "MfgGroup": "Abbott Healthcare Pvt. Ltd. (Nutrition)",
      "EncodeProdId": "c3f2az",
      "CustDiscPercent": 2,
      "CustOfferPrice": 1214.38,
      "PTR": 0,
      "PTRDiscPercent": 0,
      "SchemeFreeBaseQty": 0,
      "OfferCategoryId": 11,
      "OfferCategory": "Our Top Health Food Picks",
      "OfferTitle": "Health Food",
      "OfferImage": "",
      "ApplyPincodeWiseDiscount": false,
      "IsPurchased": 0,
      "DisplayFactor": 1,
      "SKUOrderCount": 6783,
      "MaxSKUOrderCount": 0,
      "PKLotId": "1003125838",
      "SchemeFreeBaseQtyOfferText": "",
      "CustomScoreManipulator": 2236,
      "RecentOrderCount": 1592,
      "RecentProductCount": 1673,
      "RecentCustCount": 1171,
      "RefProductId": null,
      "RouteId": 0,
      "BrandImage": "1499234710_Ensure.jpg",
      "PrimaryDisease": "",
      "CustHighDisc": 0,
      "OfferPrice": 1214.38,
      "DiscountPercent": 2,
      "MinQty": 1,
      "IsOutOfStock": "N",
      "IsCourierable": 1,
      "MRP": 1250,
      "ExpiryDate": "2023-04-30T00:00:00.000Z",
      "LastMRP": 1250,
      "score": 0.8
    },
    {
      "ProductName": "Horlicks Biscuits",
      "Brand": "Hindustan Unilever Ltd.",
      "DosageForm": "biscuits",
      "PrescriptionOTC": "O",
      "InteractiveModule": null,
      "InteractiveSubModule": "",
      "DeliveryDelayedDay": 8,
      "ProductId": "47558",
      "DisplayName": "Horlicks Biscuits 85 g",
      "ProductAliasName": "Horlicks Biscuits 85 g",
      "ProductImage": "Horlicks-Biscuits-1532501273-10034927-1.jpg",
      "IsNew": 1,
      "HasOffer": "N",
      "IsGiftableProduct": 0,
      "IsCustomizable": 0,
      "IsFeatured": 0,
      "DosageRestriction": 0,
      "DosageAlert": 0,
      "Active": 1,
      "ProductStatus": "C",
      "IsRedeemable": 0,
      "DosageFormDisplaySeq": null,
      "DocumentId": "47557",
      "GroupSize": 2,
      "AvgRating": 4.4,
      "NumRating": 438,
      "OrderCount": 13478,
      "NumCustomer": 8107,
      "DisplayRank": 99,
      "UnitPrice": 11.305882352941175,
      "Keywords": "snacks grocery horliks hor licksotc products household supplies",
      "Strength": "85 g",
      "ProductShortDescription": "",
      "Salts": {},
      "MfgGroup": "Hindustan Unilever Ltd.",
      "EncodeProdId": "8hsxxs",
      "CustDiscPercent": 3,
      "CustOfferPrice": 9.61,
      "PTR": 0,
      "PTRDiscPercent": 0,
      "SchemeFreeBaseQty": 0,
      "OfferCategoryId": 0,
      "OfferCategory": "",
      "OfferTitle": "",
      "OfferImage": "",
      "ApplyPincodeWiseDiscount": false,
      "IsPurchased": 0,
      "DisplayFactor": 1,
      "SKUOrderCount": 6740,
      "MaxSKUOrderCount": 0,
      "PKLotId": "1003243825",
      "SchemeFreeBaseQtyOfferText": "",
      "CustomScoreManipulator": 1988,
      "RecentOrderCount": 872,
      "RecentProductCount": 2827,
      "RecentCustCount": 707,
      "RefProductId": null,
      "RouteId": 0,
      "BrandImage": "1499241699_Horlicks.jpg",
      "PrimaryDisease": "",
      "CustHighDisc": 0,
      "OfferPrice": 9.61,
      "DiscountPercent": 3,
      "MinQty": 1,
      "IsOutOfStock": "N",
      "IsCourierable": 0,
      "MRP": 10,
      "ExpiryDate": "2022-07-31T00:00:00.000Z",
      "LastMRP": 10,
      "score": 0.8
    },
    {
      "ProductName": "Volini Gel",
      "Brand": "Sun Pharmaceutical Ind. Ltd.",
      "DosageForm": "gel",
      "PrescriptionOTC": "M",
      "InteractiveModule": null,
      "InteractiveSubModule": "",
      "DeliveryDelayedDay": 0,
      "ProductId": "2423",
      "DisplayName": "Volini Gel 15 g",
      "ProductAliasName": "Volini Gel 15 g",
      "ProductImage": "Volini-1614052414-10002445-1.jpg",
      "IsNew": 1,
      "HasOffer": "N",
      "IsGiftableProduct": 0,
      "IsCustomizable": 0,
      "IsFeatured": 0,
      "DosageRestriction": 0,
      "DosageAlert": 0,
      "Active": 1,
      "ProductStatus": "C",
      "IsRedeemable": 0,
      "DosageFormDisplaySeq": null,
      "DocumentId": "2420",
      "GroupSize": 7,
      "AvgRating": 0,
      "NumRating": 219,
      "OrderCount": 103204,
      "NumCustomer": 61131,
      "DisplayRank": 99,
      "UnitPrice": 358.59999999999997,
      "Keywords": "pain arthritis backache muscular sprain volini-gel-composition omni-gel-vs-volini volini-vs-omni-gel volini-gel-mrp how-to-apply-volini-gel volini-gel-gel volini-gel volini-gel-price volini-gel-uses volini-gel-side-effects volini-gel-ingredients volini-gel-price-in-india volini-pain-relief-gel volini-gel-company composition-of-volini-gel volini-gel-during-pregnancy buy-volini-gel-online volini-pain-relief-gel-price price-of-volini-gel volini-spray-vs-gel volini-ranbaxy volini-logo volini-maxx-gel volini-cream volini-ointment volini-price volini-composition volini-wiki volini-tube volini-ad how-does-volini-work volini-ointment-price volini-meaning ranbaxy-volini why-does-volini-burn relispray-vs-volini volini-company volini-pain-relief volini-ingredients volini-medicine volini-plus volini-ad-actress can-volini-be-used-for-babies volini-during-pregnancy volini-ointment-uses volini-tablet volini-balm volini-side-effects can-volini-be-used-during-pregnancy volini-pronunciation side-effects-of-volini volini-360 how-volini-works volini-advertisement volini-vs-relispray systaflam-gel-vs-volini volini-gel-15g-price artharitis joient artheritis back acheotc products household supplies",
      "Strength": "15 g",
      "ProductShortDescription": "",
      "Salts": {
        "NameSearch": "pain inflammation",
        "SaltStrengthRaw": "Diclofenac Diethylamine (equivalent To Diclofenac Sodium 1% W/w) 1.16% W/w + Linseed Oil Bp 3% W/w + Methyl Salicylate 10% W/w + Menthol 5% W/w + Benzyl Alcohol 1% W/w ",
        "SaltStrength": "BENZYLALCOHOL1WWDICLOFENACDIETHYLAMINEEQUIVALENTTODICLOFENACSODIUM1WW1.16WWLINSEEDOILBP3WWMENTHOL5WWMETHYLSALICYLATE10WW",
        "Id": "2773",
        "Code": "SN02554",
        "Name": "Pain Inflammation"
      },
      "MfgGroup": "Sun Pharmaceutical Ind. Ltd.",
      "EncodeProdId": "d33e5s",
      "CustDiscPercent": 17,
      "CustOfferPrice": 53.79,
      "PTR": 0,
      "PTRDiscPercent": 0,
      "SchemeFreeBaseQty": 0,
      "OfferCategoryId": 0,
      "OfferCategory": "",
      "OfferTitle": "",
      "OfferImage": "",
      "ApplyPincodeWiseDiscount": false,
      "IsPurchased": 0,
      "DisplayFactor": 1,
      "SKUOrderCount": 6698,
      "MaxSKUOrderCount": 0,
      "PKLotId": "1003232277",
      "SchemeFreeBaseQtyOfferText": "",
      "CustomScoreManipulator": 1698,
      "RecentOrderCount": 840,
      "RecentProductCount": 995,
      "RecentCustCount": 714,
      "RefProductId": null,
      "RouteId": 3,
      "BrandImage": "",
      "PrimaryDisease": "headche, pain, inflamation, bone related disease",
      "CustHighDisc": 0,
      "OfferPrice": 53.79,
      "DiscountPercent": 17,
      "MinQty": 1,
      "IsOutOfStock": "N",
      "IsCourierable": 1,
      "MRP": 65,
      "ExpiryDate": "2023-12-31T00:00:00.000Z",
      "LastMRP": 65,
      "score": 0.8
    },
    {
      "ProductName": "Digene (Orange Flavour) Gel",
      "Brand": "Abbott India Limited",
      "DosageForm": "gel",
      "PrescriptionOTC": "P",
      "InteractiveModule": "",
      "InteractiveSubModule": "",
      "DeliveryDelayedDay": 0,
      "ProductId": "27004",
      "DisplayName": "Digene (Orange Flavour) Gel 200 ml",
      "ProductAliasName": "Digene (Orange Flavour) Gel 200 ml",
      "ProductImage": "Digene-Orange-1599478597-10026062-1.jpg",
      "IsNew": 1,
      "HasOffer": "N",
      "IsGiftableProduct": 0,
      "IsCustomizable": 0,
      "IsFeatured": 0,
      "DosageRestriction": 0,
      "DosageAlert": 0,
      "Active": 1,
      "ProductStatus": "C",
      "IsRedeemable": 0,
      "DosageFormDisplaySeq": null,
      "DocumentId": "10158",
      "GroupSize": 5,
      "AvgRating": 0,
      "NumRating": 5,
      "OrderCount": 6781,
      "NumCustomer": 4236,
      "DisplayRank": 99,
      "UnitPrice": 53.99499999999999,
      "Keywords": "gastritis gastric hyperacidity indigestion acidity gas digin medicine",
      "Strength": "200 ml",
      "ProductShortDescription": "",
      "Salts": {
        "NameSearch": "aluminium hydroxide + magnesium hydroxide + simethicone + sodium carboxymethylcellulose",
        "SaltStrengthRaw": "Dried Aluminium Hydroxide Gel 830mg/10ml + Magnesium Hydroxide 185mg/10ml + Simethicone 50mg/10ml + Sodium Carboxymethylcellulose 100mg/10ml",
        "SaltStrength": "DRIEDALUMINIUMHYDROXIDEGEL830MG10MLMAGNESIUMHYDROXIDE185MG10MLSIMETHICONE50MG10MLSODIUMCARBOXYMETHYLCELLULOSE100MG10ML",
        "Id": "6193",
        "Code": "SN05187",
        "Name": "Aluminium Hydroxide + Magnesium Hydroxide + Simethicone + Sodium Carboxymethylcellulose"
      },
      "MfgGroup": "Abbott India Limited",
      "EncodeProdId": "slf66l",
      "CustDiscPercent": 18,
      "CustOfferPrice": 107.99,
      "PTR": 0,
      "PTRDiscPercent": 0,
      "SchemeFreeBaseQty": 0,
      "OfferCategoryId": 0,
      "OfferCategory": "",
      "OfferTitle": "",
      "OfferImage": "",
      "ApplyPincodeWiseDiscount": false,
      "IsPurchased": 0,
      "DisplayFactor": 1,
      "SKUOrderCount": 6595,
      "MaxSKUOrderCount": 0,
      "PKLotId": "1003195838",
      "SchemeFreeBaseQtyOfferText": "",
      "CustomScoreManipulator": 1703,
      "RecentOrderCount": 912,
      "RecentProductCount": 1003,
      "RecentCustCount": 695,
      "RefProductId": null,
      "RouteId": 1,
      "BrandImage": null,
      "PrimaryDisease": "",
      "CustHighDisc": 0,
      "OfferPrice": 107.99,
      "DiscountPercent": 18,
      "MinQty": 1,
      "IsOutOfStock": "N",
      "IsCourierable": 1,
      "MRP": 131.7,
      "ExpiryDate": "2023-10-31T00:00:00.000Z",
      "LastMRP": 131.7,
      "score": 0.8
    }
  ],
  "total": 62615,
  "isSearchBySalt": 0
}